5334 6975
1317 652 1374 712 152

512 832 573 894 ait:
602 836 742 910 „lytrotes
773 833 830 889 erit
857 836 950 902 locus,
978 835 1070 890 donec
1097 842 1252 908 oonprepet
1280 833 1424 891 Dominae
1448 837 1586 909 populum
1615 853 1696 890 saura
1727 843 1754 892 et
1776 834 1931 910 propicius
1958 834 2031 911 fiet,
2058 843 2085 891 et
2115 845 2185 890 tanc

511 952 642 1008 ostendet
664 951 722 1007 hec.

482 1072 491 1122 1
638 1061 719 1145 (lap.
741 1060 850 1123 XXX.
893 1058 945 1124 Ab
968 1061 1102 1123 introitu
1130 1057 1241 1143 templi
1269 1071 1318 1122 est
1341 1071 1436 1146 porta
1458 1061 1607 1145 speciosa
1629 1072 1661 1124 et
1683 1083 1724 1124 ex
1749 1060 1813 1124 alia
1835 1072 1928 1146 parte
1951 1059 2104 1146 templum
2127 1058 2184 1124 Sa·

478 1178 653 1242 tlemonis.
698 1147 786 1240 Inter
808 1174 962 1262 templum
985 1186 1016 1237 et
1037 1196 1167 1238 auream
1192 1185 1318 1260 portam
1341 1176 1469 1239 fuerunt
1492 1174 1636 1257 arbores,
1659 1175 1837 1262 dequibus
1860 1177 1955 1262 primi
1977 1175 2185 1240 Hebreorum

477 1308 620 1358 trames
649 1291 807 1369 tulerunt,
837 1289 967 1377 quando
986 1289 1128 1354 Domino
1158 1288 1281 1353 sedenti
1311 1314 1408 1376 super
1436 1290 1558 1376 pullum
1581 1294 1672 1355 asine
1694 1303 1913 1357 occurrerunt.
1958 1291 2001 1354 Et
2023 1290 2070 1355 ibi
2091 1292 2184 1354 iuxta

511 1409 665 1494 templum
688 1408 868 1473 Salomonis
890 1411 923 1471 in
946 1406 1064 1491 angulo
1087 1407 1228 1469 ciuitatis
1257 1416 1305 1468 est
1328 1406 1493 1470 cubiculus
1515 1416 1547 1468 et
1567 1407 1688 1472 Christi
1710 1406 1860 1471 balneum
1891 1417 1922 1470 et
1943 1407 2045 1471 lectus
2067 1406 2183 1470 matris

511 1528 579 1589 eius
601 1535 632 1587 et
654 1523 837 1608 sepulerum
860 1524 936 1587 iusti
960 1522 1138 1608 Symeonis.

480 1656 490 1703 1
636 1640 715 1725 Cap.
739 1640 856 1702 XXXI
907 1636 1036 1701 Deinde
1064 1639 1127 1700 itur
1155 1637 1197 1701 ad
1227 1637 1395 1701 eeclesiam
1425 1650 1527 1699 saar-te
1548 1638 1702 1717 Annon),
1735 1651 1765 1699 et
1795 1637 1973 1702 ostenditur
1997 1640 2119 1723 cripta,
2151 1638 2186 1700 in

478 1772 575 1844 tqua
601 1756 699 1820 beata
729 1756 822 1839 virgo
850 1754 968 1818 dieitur
997 1763 1089 1832 nata,
1123 1775 1185 1838 que
1213 1754 1275 1817 fuit
1301 1753 1376 1818 olim
1405 1752 1519 1817 domus
1541 1752 1684 1817 Ioaehim
1714 1764 1745 1815 et
1774 1754 1885 1815 vxoris
1909 1776 1964 1817 sue
1986 1753 2089 1817 Anne.
2133 1752 2184 1817 lbi

512 1875 605 1937 iuxta
632 1893 761 1934 murum
790 1869 901 1955 templi
923 1878 972 1932 est
995 1868 1163 1954 probatica
1183 1870 1325 1954 piscina,
1354 1868 1394 1933 de
1415 1891 1480 1955 qua
1501 1870 1534 1932 in
1557 1867 1749 1953 ewangelio,
1780 1868 1814 1930 in
1836 1891 1899 1954 qua
1920 1869 2016 1955 longo
2037 1881 2185 1956 tempore

513 1989 636 2073 lignum
661 1997 770 2050 sancte
792 1965 897 2049 erneis
919 1986 1056 2047 iacuisse
1079 1984 1205 2048 dieitur.

482 2125 491 2172 1
638 2102 719 2186 Cap.
740 2100 883 2163 XXXII.
923 2101 1040 2163 Postea
1062 2102 1126 2163 itur
1148 2099 1190 2163 ad
1211 2099 1341 2164 domum
1361 2099 1479 2184 Pylati,
1504 2099 1558 2162 vbi
1574 2100 1733 2164 Dominus
1754 2100 1816 2162 fuit
1837 2098 2028 2184 flagellatus,
2051 2123 2184 2166 eorona-

480 2232 565 2289 2tus
588 2231 619 2282 et
639 2217 752 2282 illusus
776 2228 808 2279 et
829 2216 1034 2302 dampnatus.
1076 2215 1126 2279 Ibi
1148 2216 1252 2278 eciam
1273 2218 1328 2279 via
1351 2227 1415 2294 est,
1448 2214 1569 2279 ducens
1591 2215 1632 2278 ad
1653 2213 1806 2300 templum
1827 2214 1976 2291 Domini,
2008 2239 2184 2303 perquam

512 2338 677 2399 venientes
700 2331 792 2396 ludei
815 2331 1010 2412 clamabant,
1031 2331 1189 2394 dicentes:
1214 2335 1390 2414 „Crucifipa
1413 2336 1549 2412 cracr‘fipe
1571 2338 1677 2392 eurrr!“
1690 2332 1729 2406 ³³)

481 2461 491 2510 1
636 2449 715 2534 Cap.
737 2447 896 2511 XXXIII.
938 2446 1067 2511 Deinde
1087 2449 1151 2510 itur
1173 2446 1215 2510 ad
1239 2446 1369 2511 domum
1384 2452 1476 2520 Anne,
1498 2448 1656 2532 principis
1679 2446 1892 2526 sacerdotum,
1916 2450 2019 2511 soceri
2035 2447 2183 2535 Gayphe,

479 2566 555 2630 tad
577 2589 671 2652 quem
694 2568 799 2651 primo
822 2563 971 2629 Christus
993 2564 1053 2626 fuit
1073 2563 1198 2626 duetus.
1241 2563 1291 2627 lbi
1314 2565 1416 2626 eciam
1439 2572 1488 2625 est
1509 2561 1638 2640 domus,
1662 2564 1695 2625 in
1716 2583 1780 2648 qua
1800 2565 1945 2626 secarunt
1965 2563 2056 2628 ludei
2079 2567 2184 2629 eonsi-

478 2682 598 2761 3lium,
622 2690 656 2744 vt
679 2681 842 2745 Christum
864 2678 1056 2742 occiderent.
1098 2677 1141 2740 Et
1170 2676 1215 2741 ibi
1243 2681 1335 2741 iuxta
1362 2690 1410 2742 est
1435 2677 1570 2741 eeclesia
1599 2678 1684 2742 dieta
1705 2691 1817 2741 sancta
1839 2678 1944 2741 Maria
1965 2678 2004 2742 de
2027 2680 2184 2766 Pasnmy·

479 2798 631 2872 tsonil).
677 2795 740 2859 Vbi
763 2819 834 2858 oum
856 2817 972 2878 magno
995 2793 1106 2858 dolore
1127 2793 1209 2856 vidit
1231 2793 1331 2857 tilium
1355 2817 1447 2857 suum
1470 2816 1598 2857 enicem
1617 2794 1762 2858 baiulare
1785 2805 1816 2856 et
1837 2793 2030 2879 superdueo
2045 2819 2182 2881 magnos

480 2912 638 2998 alapides
660 2911 752 2974 albos
774 2913 986 2996 requiescere,
1011 2911 1064 2994 qui
1088 2908 1192 2972 adhue
1216 2919 1287 2972 sunt
1308 2908 1354 2973 ibi
1375 2912 1407 2972 in
1431 2931 1509 2972 areu
1531 2908 1596 2972 alto
1618 2909 1744 2972 murati.
1782 2908 1832 2972 lbi
1854 2911 1956 2973 eciam
1979 2923 2027 2974 est
2049 2917 2103 2975 via
2127 2912 2183 2975 du·

470 3041 495 3089 -6
513 3051 589 3091 cens
612 3026 653 3090 ad
676 3039 802 3112 portam
825 3027 926 3088 saneti
952 3024 1124 3110 Stephani,
1155 3037 1248 3088 extra
1277 3048 1372 3111 qnam
1401 3027 1461 3088 fuit
1486 3023 1657 3109 lapidatus.
1703 3023 1775 3102 Qne
1808 3023 1882 3088 olim
1905 3024 2073 3090 dicebatur
2093 3041 2184 3106 porte

508 3147 649 3222 placium,
677 3165 735 3228 per
762 3164 858 3227 quam
879 3140 968 3205 ludei
998 3140 1150 3203 ducentes
1174 3141 1337 3206 Christum
1369 3142 1559 3204 inuenerunt
1582 3141 1754 3224 symonem
1777 3139 1976 3225 Cyreneum,
2005 3163 2098 3226 quem
2129 3167 2183 3206 an·

512 3262 720 3344 gariauerunt
742 3269 873 3342 portare
895 3279 1023 3320 erucem
1046 3266 1120 3342 post
1144 3256 1307 3322 Christum
1331 3279 1433 3341 vsque
1456 3255 1659 3319 adurentem
1682 3255 1851 3337 Caluarie,
1883 3256 1937 3320 rbi
1966 3280 2037 3321 eum
2059 3259 2185 3322 crucili-

479 3354 494 3403 'l

478 3387 636 3472 8xerunt.
679 3373 775 3436 quta
798 3371 916 3435 dietam
941 3372 1109 3435 eeclesiam
1130 3372 1248 3435 dieitur
1269 3373 1370 3436 luisse
1391 3372 1553 3458 palacium
1569 3370 1711 3434 Herodis
1733 3376 1829 3457 regis.
1869 3372 1912 3435 Et
1933 3373 1978 3436 ibi
2001 3397 2066 3437 non
2088 3373 2185 3460 longe

513 3490 691 3555 ostenditur
714 3487 827 3552 domus
848 3489 927 3552 lmle
949 3489 1134 3574 proditoris,
1157 3490 1190 3553 in
1213 3512 1308 3574 quam
1331 3512 1404 3552 enm
1425 3512 1526 3552 vxore
1549 3500 1580 3550 et
1601 3486 1675 3550 liliis
1697 3491 1763 3552 suis
1785 3487 1953 3552 habitauit.

481 3619 490 3667 t
637 3606 718 3690 Cap.
742 3604 900 3667 XXXIV.
942 3604 1069 3668 Deinde
1096 3607 1160 3668 itnr
1188 3605 1230 3668 ad
1258 3613 1365 3666 terrim
1392 3609 1499 3677 lloutl,
1530 3626 1613 3666 ruine
1638 3603 1849 3685 destructam,
1879 3604 1934 3668 vbi
1965 3618 2038 3690 post
2061 3608 2184 3691 passio·

512 3744 585 3786 nem
609 3720 732 3786 Christi
753 3717 872 3804 Ioseph
895 3718 937 3783 ab
956 3720 1137 3783 Arimatlria
1159 3722 1219 3784 fnit
1241 3724 1274 3784 in
1296 3742 1426 3784 carneri·
1448 3718 1599 3782 XLIIII0·
1616 3720 1708 3783 annis
1731 3743 1831 3807 vsque
1853 3720 1894 3783 ad
1917 3720 2089 3784 aduentum
2108 3722 2185 3808 Tyri

478 3847 545 3906 aet
566 3837 761 3922 Vespasiani
793 3836 1035 3920 imperatorum.
1076 3835 1190 3898 Eeiam
1217 3848 1265 3900 est
1293 3836 1340 3900 ibi
1368 3846 1461 3921 porta
1482 3834 1611 3914 Dauid,
1647 3845 1739 3899 extra
1767 3858 1862 3922 quam
1886 3859 1950 3900 non
1970 3836 2064 3921 longe
2086 3837 2185 3902 ludas

478 3953 660 4039 aproditor
689 3974 724 4014 se
751 3950 921 4035 suspendit
949 3951 990 4014 ad
1012 3950 1162 4015 arborem
1185 3974 1397 4036 sycomorum.
1440 3950 1547 4035 Prope
1569 3949 1763 4014 llrernsalern
1786 3952 1828 4015 ad
1851 3952 1916 4016 duo
1942 3952 2099 4035 miliaria,
2131 3954 2185 4019 ab·

478 4057 632 4172 {enisum
653 4070 713 4131 luit
735 4066 857 4152 lignmn
881 4080 991 4130 saneto
1014 4068 1129 4130 erucis.
1172 4067 1236 4131 Vbi
1260 4067 1409 4131 edificem
1436 4077 1485 4130 est
1506 4065 1642 4129 eeclesia
1666 4067 1890 4152 pulcherrima.
1932 4070 1995 4147 Qui
2026 4068 2118 4134 loeus
2141 4070 2186 4135 di-

479 4203 495 4252 6
514 4188 598 4249 citur
620 4183 751 4247 arabiee
775 4184 1003 4263 Memalilell),
1029 4185 1050 4246 i.
1073 4208 1098 4246 e.
1119 4193 1223 4247 mater
1245 4185 1359 4247 erucis.
1402 4183 1481 4247 Inde
1504 4183 1547 4246 ad
1569 4181 1650 4244 duas
1673 4182 1779 4246 leneas
1801 4195 1831 4247 et
1853 4183 2020 4247 dimidiam
2045 4198 2094 4249 est
2116 4187 2186 4251 sons

514 4302 733 4385 egregius³⁵),
770 4301 803 4362 in
834 4323 896 4383 quo
925 4298 1036 4362 beatus
1065 4299 1234 4385 Philippus
1263 4299 1443 4362 eunuchum
1472 4298 1642 4383 Etlriopern
1679 4298 1718 4361 de
1746 4298 1941 4362 Hierusalem
1972 4314 2184 4366 reuertentem

512 4417 701 4501 baptizabit.

398 4517 404 4530 ’
481 4551 490 4598 1
639 4532 720 4615 Cap.
743 4530 884 4593 XXXV.
929 4529 1057 4593 Deinde
1079 4530 1122 4593 ad
1142 4553 1238 4592 vnam
1259 4530 1383 4593 leucam
1407 4540 1438 4593 et
1460 4524 1518 4616 pdr
1540 4540 1606 4593 tres
1637 4529 1744 4592 leneas
1768 4553 1786 4592 a
1808 4529 2006 4594 lherusalem
2029 4548 2078 4597 est
2099 4534 2187 4600 loeus

514 4668 571 4710 seu
592 4647 709 4708 ciuitas
732 4646 961 4731 pulcherrima,
982 4668 1066 4709 nuno
1091 4645 1276 4725 deuastata,
1299 4647 1332 4708 in
1353 4648 1512 4709 montanis
1535 4645 1633 4710 Iudee
1657 4649 1734 4725 sita,
1756 4648 1883 4708 nomine
1906 4651 2057 4709 nectaria
2071 4651 2122 4732 ²⁵⁹),
2145 4652 2186 4717 ad

514 4784 610 4848 quam
632 4761 727 4825 beata
748 4760 853 4823 llario
873 4762 932 4823 iuit
954 4760 993 4823 (le
1017 4761 1180 4824 Namareth
1203 4760 1245 4824 ad
1267 4772 1331 4823 tres
1355 4760 1458 4824 dietas
1481 4784 1552 4825 enm
1581 4760 1732 4841 dimidia,
1761 4775 1790 4824 et
1822 4760 1973 4824 salutauit
1995 4762 2187 4848 Elysabeth,

481 4852 649 4969 {matrem
672 4876 827 4940 Iohannis
858 4876 1014 4962 baptiste,
1048 4879 1101 4963 qni
1129 4876 1175 4939 ibi
1203 4878 1262 4939 fuit
1282 4887 1377 4939 natus
1393 4881 1440 4951 ⁸⁰).
1485 4877 1526 4940 Et
1547 4877 1704 4941 exultauit
1728 4880 1833 4940 infans
1855 4878 1887 4939 in
1909 4887 2000 4941 vtero
2022 4880 2102 4943 eius.
2145 4882 2189 4946 Et

481 4992 610 5057 abeata
630 4992 736 5056 Maria
757 4992 906 5067 dixil⁸¹):
932 4996 1126 5074 „lleyuijirut
1149 5000 1249 5053 (lairen
1273 5016 1333 5054 mea
1356 4997 1539 5057 Dominamf‘
1581 4994 1617 5056 ln
1640 4993 1726 5074 laet),
1747 5016 1810 5078 quo
1834 4994 1880 5056 sit·
1903 4991 1948 5056 lbi
1971 4993 2188 5061 obuiauerunl

578 5219 628 5285 74)
653 5212 690 5271 V.
714 5211 828 5271 'l'obler
851 5212 981 5290 'l'epogr.
1003 5234 1030 5273 v.
1045 5212 1143 5271 Jerus.
1157 5214 1180 5270 l.
1194 5216 1251 5272 429
1268 5232 1330 5290 sqq.
1374 5210 1505 5290 'l'opogn
1535 5234 1560 5270 v.
1580 5213 1677 5271 derue.
1701 5214 1740 5272 lI.
1766 5217 1841 5285 727,
1870 5214 1919 5291 qni
1948 5212 2016 5272 dicit
2040 5220 2189 5276 ullasulla-

578 5317 628 5386 75)
654 5311 688 5370 V.
698 5311 844 5371 lllareil5.
866 5317 910 5383 13,
927 5312 1026 5370 Lneae
1041 5315 1088 5371 23.
1106 5315 1153 5382 21,
1172 5311 1232 5371 lob.
1249 5317 1293 5371 19.
1303 5317 1329 5371 a.
1374 5313 1432 5370 oet.
1476 5311 1536 5370 Sed
1558 5312 1607 5369 alii
1630 5313 1702 5370 alias
1724 5312 1806 5370 verbi
1827 5312 1935 5371 formas
1957 5311 2076 5374 habent.

579 5412 628 5479 76)
651 5411 713 5485 lta,
746 5411 824 5489 quod
847 5409 920 5469 liber
942 5430 993 5467 ms.
1016 5409 1110 5480 dedit,
1133 5410 1330 5485 Punaroyson,
1437 5414 1485 5479 78)
1514 5411 1600 5468 Nunc
1635 5412 1701 5467 'alia
1736 5413 1892 5487 Ileatyelt:
1942 5412 1999 5471 vid.
2037 5414 2190 5477 Robiuson

514 5507 735 5567 emendavimus
762 5509 836 5567 duee
866 5507 995 5567 'I'oblero
1019 5507 1151 5586 'l'opogr
1181 5531 1207 5567 v.
1229 5508 1329 5567 Jerns.
1374 5507 1489 5566 Neuero
1512 5508 1631 5566 Forsch.
1653 5530 1681 5587 p.
1705 5514 1773 5569 347.

516 5608 538 5668 Ι,
564 5613 622 5668 449
646 5630 667 5667 s.
692 5618 761 5666 uota
788 5615 816 5681 l,
849 5607 897 5665 nbi
921 5606 1025 5664 dieitur
1046 5608 1076 5662 lu
1099 5607 1272 5664 l’usmor'soe
1296 5609 1330 5664 de
1436 5612 1484 5677 79)
1512 5607 1598 5665 Nunc
1634 5607 1700 5663 Bell
1736 5608 1909 5682 Sat-‹ntjem
1949 5609 2006 5669 vid.
2036 5610 2190 5673 Robinson

514 5708 544 5764 la
574 5708 687 5783 l'ierpe.
730 5707 784 5765 Est
814 5706 938 5765 ecelesia
966 5706 995 5763 ὃ.
1019 5704 1143 5775 Mariae,
1169 5726 1191 5763 s.
1221 5707 1330 5783 spasmi
1373 5704 1488 5763 Neaera
1512 5705 1720 5782 l'orsehungeu
1742 5726 1770 5783 p.
1794 5712 1861 5766 372.

515 5803 545 5864 S.
568 5805 686 5864 Illariae.
1436 5806 1483 5873 80)ι
1510 5802 1543 5862 l'.
1566 5803 1716 5863 llobinson
1743 5805 1908 5863 l'alaestina
1930 5804 1984 5866 lIl.
2014 5806 2079 5866 19³.

579 5911 627 5969 77)
652 5903 821 5981 Ιωςυιιάυῐιι
852 5915 896 5962 est
927 5903 1093 5959 llesmlibe.
1142 5900 1187 5961 cf.
1218 5902 1331 5961 'I'obler
1437 5906 1487 5973 81)
1510 5901 1575 5961 vid.
1600 5903 1698 5962 lineae
1721 5904 1742 5963 l.
1768 5911 1814 5963 to.
1839 5910 1885 5965 68.
