5334 6975
1268 719 1299 778 ll

442 896 565 960 viorem
596 894 643 957 illi
665 905 696 958 et
717 896 859 980 priorem
882 892 1135 979 descriptionem
1156 893 1322 980 praebent.
1366 892 1466 960 Cuius
1495 894 1625 978 generis
1648 903 1722 958 sunt
1744 892 1873 959 codices
1894 892 2121 959 vratislavien·

442 1034 494 1078 ses
516 1025 593 1091 tres,
615 1008 819 1092 mellicensis,
839 1008 1083 1091 ratisbonensis,
1104 1030 1267 1074 romanus.
1309 1009 1340 1075 E
1359 1009 1493 1096 reliquis
1518 1007 1784 1094 Stapborstiauus
1813 1031 1884 1073 cum
1908 1008 2009 1076 altero
2030 1009 2120 1075 ham·

442 1126 618 1213 burgensi,
645 1124 834 1203 basileensi,
860 1125 1033 1192 florentino
1053 1126 1312 1208 Laurentianae,
1342 1126 1528 1206 oxoniensi,
1551 1126 1745 1208 taurinensi,
1768 1127 1978 1213 posteriorem
2001 1136 2033 1190 et
2055 1147 2121 1191 am·

441 1241 578 1330 pliorem
600 1240 848 1327 descriptionem
870 1242 1119 1323 continentibus,
1141 1241 1235 1307 alteri
1257 1243 1369 1328 generi
1385 1240 1619 1308 annumerandi
1640 1263 1711 1306 esse
1728 1240 1887 1305 videntur.
1923 1240 2028 1306 Huius
2043 1240 2121 1306 alte-

441 1360 510 1424 rius
532 1357 660 1443 generis
682 1356 810 1423 codices
831 1358 865 1421 in
886 1356 946 1421 bac
969 1355 1110 1423 editione
1130 1370 1241 1423 nostra
1262 1360 1388 1443 sequuti
1410 1381 1529 1423 sumus.

1120 1597 1200 1605 -.---
1207 1596 1291 1603 ...—-
1296 1594 1451 1603 -————-

1167 1770 1394 1835 INDEX

1065 1920 1263 1968 emmenum
1283 1920 1490 1969 erucarum.

439 2006 561 2080 Edilio
587 2004 613 2077 l
636 2022 721 2085 1475.
751 2024 891 2081 Labecae.
919 2024 984 2080 Fol.

605 2135 822 2221 Inscriptione
845 2145 948 2216 caret,
973 2133 1167 2221 subscriptio
1188 2133 1268 2199 haec
1289 2146 1352 2199 est:

649 2249 822 2316 Conclusio
848 2250 924 2314 libri
953 2252 1106 2338 sequitur.
1144 2255 1149 2332 Ι
1192 2252 1287 2314 Anno
1320 2251 1496 2316 secuudum
1528 2274 1659 2316 earnem
1687 2251 1746 2316 filii
1775 2251 1839 2315 Dei
1871 2273 1891 2313 a
1918 2247 2089 2312 natiuitate
2115 2250 2118 2322 Ι

607 2364 939 2448 ΜΕΟΟΟὼΧΧΙῙΙ,
967 2368 1040 2453 ipso
1067 2365 1120 2431 die
1154 2368 1350 2431 sanctissimi
1373 2368 1460 2453 regis
1486 2368 1490 2450 Ι
1520 2379 1552 2433 et
1573 2369 1716 2432 martiris
1746 2367 1906 2448 Oswaldi,
1933 2365 1988 2451 qui
2014 2372 2062 2426 est
2088 2360 2119 2424 V

605 2482 761 2568 Augusti,
782 2484 786 2562 Ι
806 2482 1010 2547 sanctissimo
1031 2482 1064 2546 in
1089 2482 1220 2549 Christo
1241 2492 1335 2570 patre
1357 2506 1397 2548 ac
1419 2483 1568 2566 domino,
1590 2483 1718 2549 domino
1740 2483 1834 2548 Sixto
1857 2483 1970 2570 palpa,
1993 2488 2119 2563 quarto,

607 2596 825 2663 illustrissimo
847 2598 1089 2684 preclarissimc
1110 2597 1225 2664 domus
1244 2600 1249 2680 Ι
1266 2599 1400 2664 Austris
1422 2598 1599 2663 Frederico
1621 2602 1720 2664 tercio
1741 2598 1961 2664 Romanorum
1982 2596 2120 2680 impera·

609 2725 680 2779 tore
712 2714 923 2779 inuictissimo
957 2736 1086 2801 semper
1115 2726 1253 2801 augusto
1278 2738 1316 2778 ac
1339 2738 1398 2801 pro
1420 2737 1505 2780 nunc
1525 2713 1666 2795 Collonie
1696 2716 1871 2796 existente,
1901 2716 2053 2795 imperiali
2073 2724 2120 2795 uoq

608 2834 660 2892 bili
688 2833 719 2891 in
747 2834 819 2892 arbe
846 2834 993 2910 labigeana
1022 2841 1092 2896 arte
1121 2833 1331 2918 impressoria
1355 2832 1489 2918 speciali
1511 2832 1624 2917 gracia
1647 2830 1758 2896 diuina
1777 2832 1781 2913 Ι
1800 2833 1981 2896 animarum
2005 2828 2046 2894 ob
2068 2850 2117 2894 sa·

608 2945 705 3010 lutem
732 2945 875 3010 fidelium
897 2945 1028 3010 inuenta
1056 2947 1238 3034 epitholma
1266 2946 1371 3029 istud,
1399 2957 1510 3033 partes
1540 2950 1574 3011 in
1603 2970 1660 3012 sex
1686 2948 1781 3013 iuxta
1799 2945 1913 3011 mundi
1935 2968 1994 3011 sex
2016 2956 2117 3010 etates

612 3061 761 3143 diuisum,
784 3062 874 3148 prius
896 3060 974 3125 alibi
995 3084 1060 3127 non
1082 3073 1256 3149 repertum,
1278 3062 1365 3149 quod
1387 3062 1509 3149 placuit
1529 3068 1727 3127 rudimentum
1748 3067 1931 3125 acciderant
1953 3061 2121 3144 intitulari,

605 3176 670 3241 Dei
693 3176 863 3257 adiutorio,
887 3179 940 3264 qui
964 3201 1123 3265 supernas
1143 3201 1196 3243 res
1219 3200 1258 3242 ae
1280 3178 1451 3244 subternas
1474 3179 1600 3244 fortiter
1623 3180 1767 3244 suauiter
1789 3177 2027 3266 tranquilleque
2052 3178 2116 3243 dis·

609 3303 740 3380 pensat,
765 3316 823 3371 per
843 3297 1016 3372 magistram
1037 3299 1151 3357 Lucam
1173 3298 1310 3357 Brundis
1331 3300 1367 3356 de
1389 3297 1501 3357 setae
1520 3294 1659 3359 feliciter
1679 3304 1728 3359 θεῖ
1750 3316 1906 3358 excusum
1929 3307 2026 3379 atque
2049 3294 2119 3358 fini-

607 3419 675 3472 tum
696 3417 727 3471 et
748 3431 776 3496 q.
799 3432 822 3472 s.

567 3527 641 3591 Hoc
669 3526 701 3588 in
730 3524 813 3589 libro
842 3548 862 3589 a
889 3526 967 3591 folio
998 3525 1073 3591 inde
1096 3526 1253 3593 CLXIIII
1273 3534 1445 3613 (a).usque
1474 3527 1517 3591 ad
1538 3525 1591 3592 fol.
1615 3526 1854 3592 CLXXXVIII
1876 3533 1918 3606 (c)
1940 3529 2024 3594 inest
2038 3529 2120 3594 Bur·

445 3642 559 3710 ohardi
580 3641 757 3727 descriptio
778 3655 885 3706 terrae
905 3652 1047 3707 sanctae.

566 3756 774 3843 Exemplum,
796 3779 859 3841 quo
881 3760 930 3823 usi
951 3782 1070 3841 sumus,
1093 3760 1233 3823 continet
1251 3759 1331 3825 folia
1353 3758 1476 3845 aliquot
1498 3758 1632 3840 calamo,
1653 3781 1718 3823 non
1733 3761 1821 3846 typis
1838 3763 1970 3846 scripta.
2005 3761 2119 3826 Asser-

443 3885 539 3939 vatur
559 3875 593 3938 in
615 3871 820 3937 Bibliotheca
833 3872 1077 3960 Hsmburgcnsi
1101 3874 1240 3961 publica.
1283 3875 1343 3940 Est
1371 3874 1423 3939 hic
1445 3878 1568 3962 primus
1589 3874 1683 3957 liber,
1704 3877 1760 3962 qui
1780 3875 1933 3940 Lubeeae
1951 3879 2041 3963 typis
2064 3901 2118 3942 ex·

444 4012 575 4079 pressus
605 3998 663 4053 est.
706 3989 758 4053 De
781 4011 843 4075 quo
866 3989 931 4054 vid.
953 3989 1056 4054 Ebert
1080 4014 1111 4054 n.
1137 3994 1236 4059 19548
1257 4001 1288 4055 θῖ
1307 3991 1383 4057 Joh.
1406 3991 1595 4055 Beckmann
1615 3991 1792 4056 Litteratur
1820 3991 1878 4055 der
1900 3992 2024 4057 alteren
2046 3993 2119 4058 Rei-

446 4104 759 4191 sebeschreibungeu
775 4105 843 4170 Vol.
858 4106 890 4170 Π
907 4109 1021 4192 partic.
1036 4108 1051 4171 l
1069 4130 1100 4192 p.
1113 4115 1152 4173 44
1172 4128 1240 4194 sqq.
1256 4144 1297 4154 -
1316 4106 1410 4172 Folio
1429 4107 1584 4173 CLXIIII
1600 4128 1693 4171 verso
1708 4106 1843 4191 legitur:
1862 4107 1945 4191 Ege,
1960 4107 2119 4174 Borchar·

443 4224 520 4307 dus,
553 4222 772 4310 professorum
799 4243 891 4285 sacre
913 4223 1033 4306 pagine
1054 4223 1223 4302 minimus,
1245 4233 1398 4309 quantum
1421 4245 1562 4309 possins,
1585 4235 1706 4286 terram
1727 4224 1840 4303 istam,
1863 4244 1959 4308 quam
1981 4224 2118 4310 pedibus

446 4342 525 4405 mois
547 4340 668 4427 pluries
692 4338 899 4424 pertransiui,
921 4348 1075 4424 quantrmr
1094 4340 1183 4425 potui
1207 4338 1409 4404 consideraui
1433 4348 1463 4402 et
1483 4360 1514 4424 q.
1538 4361 1563 4402 s.

444 4458 564 4532 istest>
588 4457 633 4530 Η
650 4477 738 4536 reis.
774 4474 909 4533 Veneris.
939 4476 968 4538 s.

611 4584 765 4650 Veridico
787 4590 880 4667 terlre
903 4596 1028 4650 sancte:
1057 4586 1287 4672 regionumque
1309 4586 1534 4651 finitimarum:
1565 4607 1605 4650 ae
1626 4587 1661 4649 in
1681 4587 1728 4651 eis
1747 4587 1752 4668 Ι
1771 4584 1966 4651 mirabilium
1991 4587 2118 4667 delscri·

610 4704 687 4789 ptio.
730 4702 895 4789 Nusquam
915 4705 919 4782 Ι
939 4702 1077 4767 antehac
1098 4705 1276 4790 imlpressa.

653 4816 857 4903 Subscriptio
887 4818 965 4883 haec
988 4829 1051 4883 est:
1080 4821 1279 4906 Impressum
1301 4819 1448 4905 Uenetijs
1469 4819 1502 4882 in
1531 4816 1646 4882 edibus
1667 4817 1798 4884 Ioannis
1820 4818 1959 4882 Tacuini
1984 4818 2024 4883 de
2046 4821 2118 4885 Tri-

610 4934 702 5015 dino,
730 4955 815 4997 anno
837 4932 1016 4999 lll.D.XlX.
1045 4934 1098 5000 die
1119 4936 1165 5000 IV
1187 4938 1306 5001 mensis
1326 4935 1467 5023 Aprilis,
1494 4943 1651 5019 regnante
1673 4931 1783 4997 inclito
1804 4932 1977 4998 Leonardo
1998 4936 2119 5000 Laure-

609 5062 685 5114 tano
707 5051 865 5136 principe.

566 5167 712 5251 Paginae
734 5165 880 5250 singulae
901 5168 1044 5231 numeris
1065 5177 1187 5247 carent,
1210 5167 1397 5233 custodibus
1417 5190 1481 5231 non
1504 5176 1625 5230 carent.

566 5282 729 5346 Praefatio
752 5283 909 5366 inscripta
932 5292 997 5345 est:

608 5397 661 5461 Ad
681 5397 894 5462 reverendum
916 5398 948 5461 in
965 5397 1095 5464 Christo
1116 5408 1241 5485 patrem
1259 5397 1488 5463 Eberhardum
1510 5397 1550 5461 de
1568 5396 1672 5464 Cliuis
1691 5434 1729 5443 -
1748 5418 1841 5460 sacre
1861 5395 2023 5483 theologie
2045 5421 2118 5482 pro·

608 5515 780 5595 sessorem,
810 5515 977 5598 prouineie
999 5513 1200 5578 Tlreuthonie
1222 5515 1359 5579 fratrum
1381 5513 1505 5578 ordinis
1529 5512 1739 5599 predicatorii
1762 5512 1906 5576 Priorem
1931 5513 2118 5577 Prouincia-

610 5627 672 5692 lem
699 5631 820 5715 optime
853 5631 1019 5711 meritum,
1049 5628 1150 5693 frater
1169 5630 1308 5694 Ioannes
1337 5629 1424 5695 Host
1452 5628 1492 5693 de
1516 5627 1699 5694 Romberch
1728 5627 1945 5714 Kyrspensis,
1976 5627 2118 5692 eiusdem

608 5742 732 5808 ordinis
755 5755 786 5808 et
808 5746 990 5831 prouincia,
1014 5744 1048 5810 S.
1070 5745 1106 5808 Ρ.
1131 5743 1172 5808 D.

566 5859 719 5924 Testatur
741 5862 772 5924 in
795 5860 857 5925 lrac
872 5859 1012 5947 epistola
1024 5862 1161 5927 Ioannes
1175 5860 1270 5945 Host,
1294 5884 1327 5926 se
1345 5883 1364 5925 a
1380 5861 1481 5925 fratre
1502 5861 1734 5948 chrysostomo
1750 5857 1790 5922 de
1806 5857 1927 5938 Casali,
1945 5856 2119 5944 Gymnasii

440 5974 655 6040 Bononiensis
674 5976 826 6061 Rogante,
850 5975 1041 6064 opuseulum
1064 5976 1223 6062 perbreue
1244 5976 1473 6063 descriptionis
1496 5986 1603 6040 terrae
1627 5986 1758 6040 sanctae
1779 5998 1799 6039 a
1820 5972 1998 6039 venerabili
2021 5976 2119 6040 Patre

1873 6094 1907 6142 2*
