5334 6975
1291 683 1348 743 157

604 859 686 945 Cap.
708 858 828 924 LXIV.
870 859 937 924 111⁰
958 859 1098 924 miliario
1111 860 1167 936 ¹³⁷)
1194 883 1216 924 a
1236 857 1437 924 Iherusalem
1464 859 1550 922 intra
1577 870 1698 923 terram
1720 857 1855 945 pulchra
1876 859 1990 924 ciuitas
2011 872 2059 925 est
2082 862 2153 945 sita,
2176 888 2186 938 1

483 974 560 1041 olim
578 976 708 1040 nomine
729 980 843 1057 Rama,
872 975 929 1039 sed
951 981 1030 1038 Boel
1049 997 1135 1039 nunc
1157 985 1288 1057 vocata,
1318 986 1352 1039 ct
1376 977 1410 1039 in
1432 974 1502 1040 loco
1523 974 1740 1060 pulcherrimo
1763 985 1794 1039 et
1816 973 2000 1040 delectabili
2021 997 2059 1040 ac
2082 999 2153 1041 sua-

480 1092 614 1156 uissimo
649 1092 781 1172 situata,
812 1100 844 1156 et
871 1113 935 1155 non
964 1090 1006 1154 ab
1040 1090 1113 1155 aliis
1140 1093 1203 1156 nisi
1230 1113 1251 1156 a
1272 1090 1466 1156 Christianis
1498 1089 1688 1155 inhabitata.
1733 1090 1786 1154 Ex
1809 1090 1871 1154 hac
1894 1092 2025 1157 ciuitate
2046 1093 2186 1165 omnies

481 1209 567 1289 vina,
587 1229 649 1293 que
671 1206 849 1272 Christiani
869 1211 904 1271 in
925 1206 1126 1271 Hierusalem
1146 1217 1178 1271 et
1198 1208 1233 1271 in
1255 1207 1328 1271 aliis
1349 1207 1429 1272 locis
1451 1204 1575 1287 bibunt,
1597 1204 1818 1291 deportantur.

606 1323 687 1408 cap.
709 1322 812 1386 LXV.
854 1322 1004 1386 XXIIII⁰
1030 1322 1170 1386 miliario
1186 1323 1241 1398 l³⁸)
1270 1345 1291 1386 a
1316 1323 1420 1409 Ioppe
1447 1333 1496 1385 θεῖ
1529 1325 1658 1384 Cesarea
1691 1322 1822 1403 ciuitas,
1852 1323 2040 1409 metropolis
2060 1323 2184 1391 Pale-1

482 1439 579 1520 atine,
615 1440 677 1502 sita
706 1459 803 1524 super
834 1437 909 1502 litus
938 1440 1046 1501 maris.
1095 1436 1168 1517 Que
1200 1438 1364 1525 quondam
1391 1436 1570 1503 vocabatur
1594 1442 1674 1516 Dor,
1712 1436 1768 1500 scd
1797 1459 1883 1501 nunc
1909 1449 1957 1503 θεῖ
1980 1439 2187 1507 destructas

481 1554 578 1618 Hanc
600 1555 763 1618 ciuitatem
785 1553 945 1634 Herodes,
968 1576 1027 1617 rex
1047 1553 1155 1636 ludec,
1178 1554 1347 1640 ampliauit
1369 1564 1401 1618 et
1422 1552 1464 1616 ad
1486 1551 1642 1618 honorem
1665 1551 1804 1637 Augusti
1826 1552 1956 1619 Cesaris
1978 1556 2187 1622 Cesareamt

480 1672 621 1736 vocauit.
662 1670 707 1734 Et
734 1672 825 1756 regio
848 1669 1013 1734 Palestina
1043 1670 1164 1756 incipit.
1207 1671 1245 1734 In
1265 1669 1327 1734 hac
1350 1671 1481 1734 ciuitate
1503 1679 1552 1732 est
1574 1668 1711 1733 eeclesia
1740 1672 1844 1735 sancti
1865 1670 1970 1752 Petri,
2003 1654 2187 1770 edificata}

481 1786 522 1851 de
555 1786 649 1850 domo
673 1785 831 1867 Cornelii,
859 1807 953 1870 quem
982 1783 1096 1849 beatus
1117 1786 1234 1850 Petrus
1266 1787 1427 1851 conuertit
1447 1795 1479 1848 et
1500 1783 1682 1870 baptizauit
1703 1795 1735 1848 et
1756 1787 1790 1848 in
1812 1787 2000 1873 episcopum
2023 1786 2151 1851 ordina-

480 1904 542 1984 uit,
570 1914 601 1966 et
630 1903 690 1966 fuit
715 1902 870 1965 centurio.
912 1900 966 1963 Ex
996 1922 1034 1964 ea
1061 1901 1121 1966 fuit
1149 1903 1252 1965 eciam
1275 1901 1463 1988 Philippus,
1493 1923 1575 1964 vnus
1601 1900 1641 1965 de
1663 1900 1726 1966 VII
1749 1901 1904 1987 dyaconis
1932 1902 1973 1966 ab
1994 1903 2185 1988 apostolis6

481 2016 650 2098 ordinatis,
672 2015 796 2080 habeus
819 2026 957 2102 quatuor
978 2016 1062 2080 filias
1084 2017 1307 2103 prophetissas
1323 2017 1388 2098 ¹³⁹),
1411 2039 1484 2080 cum
1504 2015 1619 2101 quibus
1643 2018 1713 2102 ipse
1736 2016 1879 2103 sepultus
1899 2018 1967 2083 fuit.
2006 2018 2050 2081 Et
2072 2016 2150 2081 dici·
2170 2025 2184 2072 7

481 2145 533 2198 tur
562 2135 692 2195 Cesarea
714 2138 882 2212 Palania,
915 2143 945 2196 et
977 2156 1041 2197 non
1062 2132 1216 2218 Philippi.
1259 2133 1322 2197 Hic
1350 2131 1512 2219 quondam
1539 2133 1600 2196 fuit
1628 2134 1728 2197 turris
1760 2132 1929 2198 Stratonis.
1971 2133 2009 2196 ln
2037 2155 2076 2196 ca
2104 2115 2186 2232 θεῖξ

482 2271 593 2314 carcer
616 2270 715 2334 supra
735 2246 921 2327 ecelesiam,
949 2247 1005 2311 rbi
1027 2247 1140 2312 beatus
1162 2247 1282 2312 Paulus
1305 2248 1471 2334 apostolus
1491 2247 1588 2333 lengo
1612 2259 1756 2334 ternpore
1787 2249 1849 2313 fuit
1870 2248 2025 2313 detentus.
2073 2249 2152 2313 lnde
2172 2266 2203 2315 10

481 2386 620 2449 pergens
641 2363 787 2443 Romam,
810 2373 1000 2427 consecutus
1022 2374 1070 2428 est
1093 2386 1184 2428 suam
1206 2362 1465 2450 appellaeionem
1486 2363 1745 2450 apostolecionis.
1788 2363 1894 2428 Extra
1924 2385 1996 2428 eam
2017 2375 2048 2427 et
2069 2365 2153 2428 inter
2175 2380 2202 2429 11

483 2489 570 2545 ortos
598 2491 646 2542 est
674 2489 782 2564 petra,
818 2501 879 2564 que
908 2489 1042 2542 vocatur
1064 2484 1187 2540 Domini
1208 2483 1310 2540 tabula
1324 2480 1397 2561 ¹⁴⁰),
1432 2479 1487 2543 vbi
1515 2481 1586 2565 ipse
1615 2502 1687 2543 cum
1714 2479 1883 2565 discipulis
1907 2480 1972 2544 suis
2004 2478 2154 2543 comedit.

482 2598 580 2662 quta
607 2594 696 2659 illam
727 2604 775 2657 est
797 2592 967 2674 cathedra,
999 2616 1095 2679 super
1124 2617 1221 2682 quam
1244 2594 1358 2659 beatus
1380 2595 1496 2659 Petrus
1528 2593 1694 2680 apostolus
1724 2596 1856 2658 missam
1877 2594 2065 2659 celebrauit.
2110 2594 2154 2658 Et
2173 2575 2205 2694 ff}

483 2712 546 2776 alic
567 2721 633 2775 tres
654 2732 767 2794 grosse
791 2720 890 2794 petre,
911 2732 974 2795 que
995 2710 1122 2774 luerunt
1145 2710 1342 2774 candelabra
1363 2733 1430 2774 sua.

607 2826 689 2912 Cap.
711 2824 830 2889 LXVI.
873 2825 922 2888 11⁰
944 2824 1082 2890 miliario
1103 2849 1123 2889 a
1144 2826 1287 2892 Cesarea
1308 2836 1357 2889 cst
1377 2848 1482 2911 parua
1505 2824 1646 2912 capella,
1675 2826 1729 2891 vbi
1753 2825 1882 2890 dourina
1904 2835 2015 2889 nostra
2035 2826 2155 2890 morari
2195 2811 2204 2834 '

483 2942 674 3030 quandoque
697 2940 829 3005 solebat.
870 2940 942 3005 Hcc
963 2940 1003 3005 de
1026 2951 1113 3005 terra
1135 2951 1247 3005 saneta
1268 2941 1437 3006 sufficiant.

988 3157 1067 3242 Cap.
1088 3157 1223 3221 LXVII.
1265 3156 1328 3220 DE
1350 3155 1648 3222 MACHOMETO.

607 3305 828 3368 Illachomctus
849 3307 957 3369 statim
987 3316 1061 3392 post
1081 3318 1230 3391 tempora
1250 3305 1338 3370 beati
1359 3305 1514 3390 Eugenii,
1544 3329 1660 3392 parurn
1688 3316 1762 3369 ante
1784 3316 1930 3392 tempora
1952 3304 2074 3370 Eraclii
2098 3304 2185 3369 ab·¹

484 3420 712 3490 hominabilern
733 3431 765 3483 θῖ
784 3420 1001 3486 execrabilem
1025 3420 1206 3485 doctrinam
1229 3445 1322 3486 suam
1341 3423 1448 3508 primo
1469 3422 1503 3485 in
1521 3421 1655 3505 Arabia,
1679 3420 1764 3485 vnde
1785 3420 1938 3484 oriundus
1961 3421 2100 3503 exstitit,
2123 3432 2155 3484 et

484 3554 598 3626 postea
618 3536 746 3600 bestiali
772 3537 891 3624 populo
921 3539 955 3601 in
984 3537 1133 3624 partibus
1154 3539 1286 3619 vicinis,
1321 3537 1504 3603 hominibus
1533 3537 1670 3603 rudibus
1697 3547 1728 3601 et
1755 3536 1885 3601 incultis
1906 3538 2025 3624 partim
2048 3535 2153 3623 predi·

485 3664 632 3729 cauerat,
651 3655 836 3739 partimque
859 3655 1084 3739 pertimerem
1108 3663 1139 3717 ct
1160 3653 1352 3718 violenciam
1373 3655 1407 3717 in
1429 3677 1571 3719 errorem
1596 3678 1687 3719 suum
1707 3653 1962 3719 contradicentes
1983 3652 2154 3739 inpulerat.

487 3771 587 3838 Cuius
610 3791 811 3833 successores
832 3779 922 3834 tanto
944 3770 1070 3835 t'eruore
1092 3779 1124 3833 et
1144 3770 1253 3834 surore
1276 3769 1448 3856 dyabolica
1472 3772 1619 3835 succensi
1640 3780 1730 3852 sunt,
1761 3780 1798 3834 vt
1822 3772 1856 3833 in
1876 3770 2063 3856 pestiferam
2084 3768 2189 3833 lde—²

486 3886 623 3951 chometi
652 3884 832 3948 doctrinam
859 3908 924 3949 non
951 3885 1052 3950 solum
1081 3886 1191 3950 verbis
1224 3896 1255 3950 et
1276 3885 1562 3951 exhortacionihus
1583 3886 1721 3973 populos
1742 3887 1932 3970 insipientes
1955 3885 2154 3966 inducerent,

486 4002 543 4066 sed
573 4002 675 4065 eciam
707 4010 793 4064 metu
821 4010 853 4063 et
880 4000 997 4081 gladiis
1016 4011 1082 4063 tam
1099 4000 1243 4077 Arabes,
1273 4025 1369 4087 quam
1400 4000 1572 4066 orientales
1596 4001 1732 4087 populos
1754 3999 1953 4087 inpellerent
1998 4000 2188 4064 Seducter³

427 4155 435 4171 ·
486 4127 592 4182 autern
614 4116 677 4197 ille,
699 4119 754 4202 qui
776 4115 881 4178 dictus
904 4131 952 4179 est
972 4114 1210 4198 Machametas,
1232 4119 1325 4201 quasi
1348 4117 1429 4180 alter
1451 4115 1668 4180 Antichristus
1690 4127 1721 4182 et
1744 4118 1979 4203 primogenitus
2002 4116 2154 4198 Sathena,

485 4244 649 4318 tamquam
672 4230 794 4294 Sathan
821 4232 855 4294 in
884 4229 1035 4315 angelum
1059 4230 1140 4295 lueis
1169 4232 1421 4316 transfiguratus
1449 4233 1585 4309 (scilicet
1605 4234 1669 4297 Dei
1698 4234 1842 4297 maxima
1873 4232 2081 4317 indulgencia
2107 4233 2154 4295 in·

486 4348 709 4433 dignacionern
733 4368 884 4431 magnam
900 4347 955 4423 141)
977 4347 1154 4409 sustinente
1176 4359 1207 4410 ct
1228 4348 1342 4411 merito
1364 4370 1482 4432 genere
1505 4348 1644 4413 humano
1667 4353 1892 4436 cooperante),
1914 4348 2025 4435 plures
2042 4358 2155 4433 gentes

486 4465 643 4551 pervertit
664 4463 748 4525 etin
771 4484 913 4526 errorem
934 4483 1024 4523 suum
1047 4462 1162 4542 traxit,
1197 4484 1293 4548 quam
1316 4462 1433 4550 aliquis
1456 4464 1538 4528 alius
1561 4464 1720 4530 hereticus
1743 4476 1817 4530 aute
1839 4476 1966 4549 tempus
1987 4464 2091 4549 ipsius
2113 4462 2156 4526 le-

484 4592 580 4665 gatur
611 4577 808 4642 subuel-tisse
836 4585 894 4641 aaut
915 4576 1031 4662 aliquis
1053 4576 1279 4662 predicacione
1306 4590 1339 4641 ct
1366 4579 1531 4643 miraculis
1558 4582 1739 4666 reperiatur
1761 4580 1805 4644 ad
1826 4580 2002 4644 Dominum
2025 4600 2157 4644 conuer-

484 4698 571 4760 tisse.
611 4694 774 4757 Doctrina
803 4693 924 4757 scilieet
952 4694 1020 4756 eius
1050 4704 1085 4756 vt
1120 4717 1252 4780 serpens
1267 4696 1343 4775 ¹⁴²),
1371 4704 1406 4757 vt
1428 4716 1544 4758 cancer
1565 4697 1735 4781 pestilera,
1761 4718 1826 4760 non
1850 4694 1954 4760 solum
1976 4694 2105 4759 Arabes
2126 4701 2193 4756 etl

486 4812 609 4897 Syrios,
631 4808 745 4872 Medos
768 4818 799 4871 ct
819 4808 937 4873 Persas
948 4857 957 4889 ,
980 4807 1136 4895 Egipcios
1158 4821 1189 4873 et
1209 4807 1378 4894 Ethiopes,
1400 4820 1431 4873 et
1453 4809 1609 4895 plurimos
1625 4811 1679 4887 ¹⁴³)
1703 4810 1874 4875 orientales
1897 4809 2035 4896 populos
2055 4807 2158 4873 letali-

484 4938 533 4989 ter
567 4925 740 5005 interfecit,
773 4924 829 4987 sed
860 4936 891 4987 ct
918 4923 1076 4988 Affricam
1110 4936 1141 4989 et
1175 4924 1284 5009 plures
1315 4926 1465 5011 regiones
1494 4925 1713 4991 occidentales
1747 4947 1959 5011 eorrmnpcns
1992 4948 2095 5009 vsque
2124 4926 2158 4989 in

485 5042 682 5128 Hispaniam
708 5040 865 5125 prerucnit.
908 5041 974 5104 Nec
1002 5052 1094 5127 puto,
1123 5040 1209 5128 quod
1238 5040 1279 5104 ah
1304 5040 1447 5105 infancia
1473 5042 1616 5126 primeuc
1646 5043 1780 5107 ecclesie
1809 5053 1841 5105 et
1868 5043 1901 5104 in
1931 5031 2096 5105 hencctam
2127 5043 2191 5104 et⁵

486 5160 609 5221 senium
636 5154 778 5220 eiusdem
802 5146 908 5240 'vsque
938 5155 979 5219 nd
1009 5168 1156 5243 tempora
1182 5154 1239 5219 filii
1271 5155 1509 5241 predicacionis
1539 5159 1642 5223 maior
1663 5160 1768 5223 litarat
1789 5157 1841 5222 vel
1862 5157 1971 5221 futura
1992 5158 2034 5220 sit
2056 5154 2155 5220 abho-

552 5365 619 5431 137)
642 5359 679 5416 Τ.
699 5356 847 5415 'I‘oblerus
868 5358 899 5416 iu
921 5357 1010 5417 literis
1026 5356 1064 5415 ad
1085 5377 1132 5417 me
1150 5356 1226 5416 datis
1240 5362 1299 5415 lea·
1410 5362 1478 5432 140)
1502 5358 1599 5436 Vulgo
1624 5380 1723 5418 mensa
1744 5360 1871 5417 Domini.

486 5464 527 5516 cis
554 5456 712 5535 legendum
737 5475 802 5514 esse
824 5464 943 5527 censet,
972 5476 1061 5534 quum
1089 5457 1117 5516 h.
1139 5457 1160 5516 l.
1189 5455 1302 5514 dicatur
1408 5462 1476 5529 141)
1499 5457 1589 5516 Liber
1605 5479 1657 5519 ms.
1678 5459 1783 5517 omittit
1803 5456 1906 5516 vocab.
1929 5459 2115 5534 indulgencia
2130 5463 2159 5515 et

485 5556 605 5633 Kirjath
628 5554 710 5613 Baal.
755 5552 815 5612 Sed
836 5555 861 5611 si
882 5573 984 5613 recens
1001 5557 1169 5613 Talai-Fal
1189 5554 1300 5627 dicitur,
1343 5555 1433 5616 habet
1455 5557 1689 5632 indignacionem
1710 5576 1854 5633 inupnnrn.
1887 5554 2033 5635 Equidem
2056 5574 2158 5614 econ·

485 5654 629 5733 quadrant
650 5654 771 5712 numeri.
1343 5655 1453 5713 iectura
1475 5655 1570 5714 locum
1591 5656 1742 5715 restituere
1764 5663 1885 5714 conatus
1907 5675 1979 5715 sum.

553 5757 620 5825 138)
643 5750 718 5810 Sunt
740 5751 806 5810 XL.
851 5749 897 5810 Of.
917 5750 1012 5808 Rittar
1033 5749 1117 5811 XVI.
1142 5760 1210 5815 555.
1407 5756 1476 5827 142)
1496 5752 1587 5813 Liber
1605 5774 1658 5815 ms.
1681 5754 1782 5813 habet:
1805 5754 1952 5811 Doctrina
1976 5763 2001 5810 et
2019 5753 2081 5809 eine
2094 5772 2156 5810 aer·

552 5857 620 5923 139)
641 5848 687 5909 tf.
707 5850 747 5910 M.
771 5849 974 5909 'I'hietmarum
996 5869 1023 5927 p.
1040 5853 1077 5908 23
1100 5861 1159 5911 not.
1182 5854 1239 5910 277
1262 5849 1300 5909 ad
1337 5870 1424 5927 pens.
1467 5851 1579 5911 Locum
1602 5854 1767 5912 coniectura
1789 5870 1892 5911 sanare
1914 5849 2087 5910 studuimus.

487 5948 572 6009 VIlI.
594 5956 641 6008 44.
1408 5952 1476 6019 143)
1499 5950 1588 6009 Liber
1609 5971 1662 6012 ms.
1686 5952 1774 6011 habet
1792 5951 1919 6026 persiae.
