5334 6975
1407 662 1463 725 178

563 839 673 912 suilla
695 840 837 905 uicinum
858 839 1071 922 festinabant,
1101 840 1144 905 ad
1166 841 1252 928 quod
1274 841 1424 906 dominus
1444 861 1503 903 rex
1524 839 1586 904 hoc
1607 838 1720 904 ordine
1750 837 1977 905 descendebat.
2020 839 2096 904 Alto
2118 861 2200 926 equo
2222 840 2271 903 in-

596 954 740 1031 sidebat,
762 970 794 1021 et
814 957 1005 1042 magistrum
1027 956 1140 1021 domus
1161 956 1414 1021 A'lemanuorum
1437 966 1469 1019 et
1490 954 1699 1019 castellanum
1720 954 1761 1020 de
1783 954 1985 1042 Seleph¹⁵⁴'),
2012 953 2271 1040 hospitalarium,

564 1087 670 1137 tcum
691 1094 802 1137 eorum
823 1072 937 1153 sociis,
969 1072 1051 1137 uiris
1072 1071 1233 1159 religiosis
1254 1070 1414 1153 millibus,
1436 1094 1494 1136 suo
1514 1070 1608 1135 lateri
1631 1069 1839 1156 adiungebat.
1882 1070 1988 1152 Quem
2010 1071 2159 1136 dominus
2180 1069 2272 1156 Rup-

595 1191 708 1274 pinus‚
736 1189 842 1252 iunior
864 1209 938 1269 rex,
966 1210 1078 1272 quern,
1108 1200 1143 1252 ut
1169 1190 1311 1264 ante¹⁴⁵)
1333 1186 1421 1267 dixi,
1453 1186 1538 1253 Otho
1560 1187 1780 1251 Romanorum
1802 1186 1985 1274 Imperator
2013 1186 2055 1252 ad
2081 1188 2270 1272 petitionem

596 1304 731 1369 senioris
759 1303 846 1389 regis
877 1325 982 1389 nuper
1015 1306 1312 1381 coronaueratstt),
1342 1326 1415 1368 cum
1436 1301 1601 1367 nobilibus
1622 1312 1709 1366 terre
1729 1302 1815 1368 illiue
1838 1315 1869 1369 et
1890 1325 1962 1368 cum
1984 1301 2092 1367 multis
2111 1301 2270 1366 militibus

561 1419 727 1507 spulchrs
748 1418 869 1484 indutie
893 1418 1158 1505 subsequebatur.
1204 1418 1349 1498 Quorum
1371 1420 1459 1483 serui
1482 1417 1611 1504 singula
1630 1417 1751 1483 uexilla
1774 1430 1806 1483 et
1826 1418 1966 1483 baueras
1986 1419 2020 1483 in
2041 1417 2192 1482 manibus
2214 1440 2269 1502 ge·

560 1548 716 1612 astantes
744 1547 776 1600 01
802 1558 913 1601 eorum
935 1556 1034 1619 equos
1057 1534 1242 1621 phaleratos
1264 1535 1461 1600 deducentes
1484 1538 1642 1600 seniorem
1675 1556 1785 1619 regern
1806 1534 2033 1621 precedebant.
2076 1535 2165 1599 Inter
2186 1555 2270 1619 quos

547 1673 576 1723 to
594 1665 625 1718 et
652 1654 759 1739 ipsum
789 1650 881 1716 multi
914 1651 1058 1734 sarganti
1086 1649 1212 1736 pedites
1235 1673 1307 1715 cum
1329 1653 1429 1715 armis
1452 1652 1519 1714 suis
1540 1648 1583 1714 ad
1605 1649 1784 1714 custodiam
1813 1653 1899 1736 regis
1921 1650 2157 1716 discurrebant.
2204 1648 2271 1730 Qui

593 1768 635 1835 ab
658 1767 806 1833 omnibus
828 1766 881 1830 hic
903 1765 1083 1830 astantibus
1107 1769 1323 1845 „Subtacsoll“
1344 1769 1365 1832 i.
1387 1789 1415 1831 e.
1437 1789 1550 1848 „sacer
1572 1766 1679 1830 rex!“
1709 1788 1780 1830 curn
1801 1768 1924 1851 ingenti
1945 1766 2084 1832 clamore
2105 1765 2268 1830 salutaba-

543 1895 572 1945 11
592 1894 655 1949 tur.
696 1884 741 1947 Et
771 1884 819 1947 sic
847 1884 918 1968 ipse
950 1882 983 1945 in
1006 1903 1127 1965 magna
1146 1904 1268 1968 pompa
1290 1881 1333 1946 ad
1354 1883 1526 1947 tentorium
1549 1905 1642 1946 suurn
1664 1881 1697 1944 in
1718 1884 1792 1967 ripa
1812 1882 1953 1946 fluminis
1981 1895 2190 1969 preparatum
2215 1881 2268 1945 de·

543 2014 574 2065 11
593 1998 777 2065 scandebat.
818 1996 948 2062 Deinde
970 1995 1069 2061 Greci
1092 2007 1256 2061 eteorum
1280 1997 1468 2083 patriarcha
1489 1997 1614 2084 pedites
1643 2006 1675 2061 et
1702 1999 1870 2084 preparati
1891 2019 1964 2062 cnm
1986 1998 2096 2062 multis
2115 2009 2266 2061 sanctua-

546 2116 651 2181 111110
674 2112 962 2199 subsequebantur.
1007 2112 1072 2193 Qui
1093 2114 1126 2176 in
1148 2122 1238 2177 11010
1261 2113 1635 2178 01110010110001011001
1656 2124 1687 2177 et
1709 2112 1846 2177 aliorum
1866 2113 2150 2178 instrumentorum
2168 2115 2267 2177 musi·

543 2244 703 2295 11001100
725 2227 928 2310 incedebant,
950 2240 986 2293 ut
1006 2230 1118 2313 pocius
1139 2250 1301 2314 pompam,
1324 2252 1420 2316 quarn
1442 2229 1680 2314 processionem
1703 2228 1822 2293 ducere
1843 2229 2037 2294 uiderentur.
2080 2230 2139 2294 Isti
2161 2230 2266 2293 eciam

543 2361 574 2412 11
591 2347 625 2410 10
652 2344 722 2411 1000
750 2347 796 2409 010
823 2344 979 2432 deputato
1006 2367 1103 2431 super
1135 2345 1255 2409 flumen
1286 2344 1429 2429 reliquos
1466 2342 1708 2429 exspectabant
1752 2343 1844 2407 Tunc
1874 2344 2004 2408 tandem
2024 2345 2266 2411 Hormenorum

592 2462 698 2526 clerus
719 2483 848 2525 crucem
871 2461 1035 2547 quandam
1056 2459 1287 2546 baptizandam
1310 2458 1461 2524 baiulans
1482 2458 1633 2523 decenter
1654 2481 1726 2523 cum
1748 2482 1806 2525 suo
1828 2460 2075 2548 archiepiscopo
2092 2461 2267 2526 descende-

543 2576 656 2647 161111.
706 2559 851 2656 Quorum
879 2575 1093 2640 humilitatem
1128 2586 1161 2640 et
1188 2577 1353 2641 decentem
1382 2576 1620 2660 processionem
1649 2576 1728 2638 satis
1762 2574 1998 2658 laudauissem,
2037 2578 2099 2641 nisi
2131 2576 2265 2662 quidam

543 2707 573 2758 11
593 2691 747 2758 sacerdos
768 2692 867 2778 longa
887 2692 1008 2773 barba,
1035 2702 1071 2755 ut
1091 2691 1222 2778 reliqui,
1253 2691 1424 2776 insignitus
1454 2712 1525 2753 earn
1558 2690 1643 2754 malo
1666 2692 1772 2754 omine
1794 2693 2027 2777 interrupisset.
2072 2692 2155 2774 Qui,
2186 2693 2262 2757 dum

591 2810 698 2873 minus
722 2817 815 2872 caute
837 2829 975 2893 paruum
983 2814 1009 2883 ⁸)
1038 2805 1176 2870 riuulum
1207 2806 1250 2870 ad
1272 2805 1472 2892 sepedictum
1502 2805 1620 2870 flumen
1649 2806 1871 2871 decurrentem
1901 2808 2069 2890 transiret,
2098 2808 2184 2895 pede
2207 2832 2265 2875 sno

591 2924 739 3011 elapsum
761 2923 903 2987 calceum
926 2920 1085 3007 perdidit,
1115 2922 1159 2986 ad
1181 2923 1273 2987 cuius
1295 2921 1630 3006 comprehensionem,
1658 2943 1730 2985 cum
1753 2920 1795 2986 ab
1819 2945 1904 3007 aqua
1926 2922 2152 3005 deduceretur,
2183 2925 2265 2991 adeo

543 3057 574 3109 10
591 3041 753 3106 incuriose
779 3038 956 3117 laborauit,
989 3049 1024 3102 ut
1052 3040 1241 3125 episcopum
1274 3047 1306 3102 et
1334 3037 1416 3104 alios
1444 3036 1609 3101 detineret.
1651 3036 1847 3103 Huiusmodi
1875 3038 2111 3124 negligenciam
2132 3040 2263 3106 Hildes·

543 3174 574 3225 10
591 3156 770 3238 hamenses,
792 3156 819 3218 si
840 3155 924 3219 forte
945 3154 978 3217 in
1002 3176 1111 3220 eorum
1134 3154 1340 3240 processione
1361 3152 1550 3235 accidisset,
1582 3155 1800 3217 correxissent
1822 3156 2035 3220 seuerissime.
2076 3155 2136 3221 Isti
2158 3159 2264 3222 eciam

541 3288 684 3339 11100101
708 3273 877 3337 stationem
899 3279 931 3335 01
951 3269 1166 3336 residenciam
1187 3292 1286 3355 snpra
1308 3268 1490 3356 predictum
1512 3268 1646 3333 fluuium
1668 3283 1871 3356 acceperunt
1913 3270 2182 3337 Processionibus
2204 3274 2263 3358 igi·

589 3398 644 3453 tur
673 3389 707 3453 in
734 3410 832 3452 unum
863 3385 1127 3452 conuenientibus
1154 3384 1327 3449 hincinde
1350 3384 1531 3449 discantari
1553 3397 1586 3449 et
1613 3383 1728 3470 longas
1750 3407 1862 3449 eorum
1883 3384 2022 3469 barbas,
2051 3410 2113 3474 que
2133 3387 2263 3453 illorum

540 3524 570 3576 21
590 3513 724 3591 pectora
744 3506 826 3569 sicut
848 3503 986 3590 quedam
1008 3502 1156 3589 plenaria
1176 3501 1400 3599 contegebapt,
1424 3501 1524 3567 multo
1545 3502 1635 3566 hiatu
1657 3500 1796 3565 uidimus
1819 3500 1979 3567 laborare.
2013 3503 2078 3583 Qui
2092 3506 2265 3591 euangelia

590 3629 623 3684 et
642 3617 796 3706 epistolas
816 3640 913 3704 grece
934 3628 966 3683 et
987 3618 1171 3682 hormenioe
1193 3618 1367 3681 recitantes
1388 3616 1529 3680 stillum
1552 3615 1735 3680 simulatum
1757 3617 1929 3682 Iordanem
1950 3617 2177 3686 benedicentes
2192 3644 2264 3685 cru·

540 3745 572 3798 11
591 3755 671 3816 0001,
693 3757 788 3819 quam
809 3734 886 3799 illuc
907 3731 1136 3819 apportabant,
1158 3731 1382 3818 baptizabant,
1401 3742 1434 3796 et
1457 3731 1639 3796 columbam
1662 3754 1682 3796 a
1705 3732 1822 3797 dextra
1843 3733 1928 3798 illiue
1950 3737 2133 3800 emiserunt.
2171 3738 2265 3804 Tunc

655 3942 683 4009 a)
696 3957 817 4011 00111111
835 3940 955 3994 riualem
973 3939 1003 3992 B.
1018 3939 1168 4009 paronam
1187 3937 1276 3991 1101111
1294 3937 1344 3992 Ed.

588 4149 636 4211 die
663 4152 728 4230 10011
759 4152 898 4232 Ruppiuo
931 4151 1036 4210 iuniori
1064 4170 1202 4210 coronam
1232 4151 1405 4230 imposuisse
1446 4148 1513 4208 loca
1534 4151 1620 4210 citat:
1644 4149 1729 4210 Haec
1751 4171 1855 4227 nuper,
1878 4150 1906 4209 id
1930 4160 1974 4211 est
1997 4155 2099 4231 paucis
2116 4166 2186 4213 ante
2201 4175 2265 4215 sae-

587 4259 747 4330 putantem.
791 4247 878 4322 Quod
906 4251 998 4309 eciam
1024 4249 1130 4308 clarius
1159 4249 1255 4308 elucet
1283 4269 1319 4308 ex
1349 4248 1405 4308 hoc
1447 4248 1527 4317 culis,
1549 4247 1727 4308 medicorum
1749 4251 1873 4327 ingeniis
1895 4260 2010 4329 reperta
2033 4261 2108 4310 sunt.
2150 4251 2212 4317 Cic.
2226 4255 2265 4316 N.

587 4356 686 4408 000110
718 4348 792 4408 loco.
836 4347 973 4427 Namque
1000 4368 1077 4427 quas
1102 4345 1280 4407 sectionibus
1303 4351 1402 4408 5-27
1446 4346 1484 4407 D.
1505 4347 1546 4408 II.
1571 4353 1618 4408 50.
1662 4352 1769 4424 Nuper
1791 4348 1923 4408 homines
1949 4349 2108 4425 eiusmodi3
2136 4361 2168 4411 01
2193 4354 2264 4433 quid

586 4444 763 4517 1010110101,
783 4445 921 4525 Ruppino
942 4447 1055 4506 iuniore
1077 4447 1134 4505 iam
1157 4465 1227 4522 rege
1249 4454 1316 4504 acta
1337 4452 1406 4504 eunt
1447 4443 1512 4504 dico
1534 4449 1651 4521 nuper!
1678 4449 1766 4505 immo
1796 4467 1865 4506 vero
1887 4451 1970 4506 modo
2000 4468 2036 4507 ac
2057 4450 2147 4528 plane
2174 4453 2265 4531 paulo

587 4562 690 4617 „mane
702 4543 806 4617 facto“,
817 4553 947 4623 tempore
959 4543 1071 4604 diurno.
1092 4544 1215 4602 Restant
1225 4544 1312 4620 igitur
1323 4542 1406 4602 solae
1448 4553 1517 4604 ante
1537 4544 1671 4605 vidimus.
1715 4543 1777 4606 Cic.
1799 4545 1882 4606 Verr.
1901 4546 1955 4606 IV.
1980 4552 2006 4608 3.
2050 4547 2186 4627 Apparet
2212 4552 2266 4630 igi·

587 4639 677 4702 horae
708 4642 813 4713 noctis,
847 4641 951 4720 quibus
983 4643 1110 4720 insignia
1143 4642 1256 4720 regalia
1287 4662 1304 4700 a
1329 4640 1404 4700 Wil-
1445 4651 1492 4700 tur
1522 4642 1694 4704 adverbium
1717 4665 1813 4720 nuper
1837 4647 1962 4723 spatium
1991 4646 2146 4705 multorum
2173 4668 2264 4709 anno·

586 4738 700 4801 brando
716 4738 925 4818 ianppinum
943 4740 1050 4800 collata
1063 4761 1129 4800 esse
1141 4742 1311 4819 potuissent.
1344 4738 1404 4799 Sed
1445 4760 1508 4799 rum
1537 4744 1691 4821 complecti
1717 4763 1820 4822 posse,
1848 4745 1933 4803 unius
1965 4745 2022 4803 diei
2050 4744 2193 4807 excedere
2215 4747 2265 4808 de·

586 4848 650 4899 erat
675 4858 735 4897 nox
754 4837 807 4897 illa
827 4856 898 4916 prae
919 4838 983 4897 aliis
1005 4838 1127 4911 divinis,
1148 4840 1278 4910 ieiuniis,
1299 4840 1405 4898 oratio·
1445 4839 1523 4900 bere.
1558 4839 1618 4900 Sed
1635 4844 1789 4921 quaeritur,
1808 4842 1963 4921 Ruppiuus
1978 4843 2073 4902 iunior
2083 4844 2201 4923 quando
2217 4867 2265 4906 co·

585 4936 777 5009 uibnssacra,
792 4956 850 5016 qua
864 4938 1007 5015 regalium
1020 4938 1193 4996 solemnium
1210 4937 1406 5016 strepentibus
1445 4948 1565 4997 ronatus
1581 4941 1626 5001 sit.
1668 4939 1767 5014 Quum
1786 4939 1856 4999 Otto
1871 4940 1916 4998 IV
1932 4939 1960 5000 d.
1977 4946 2026 5001 27.
2039 4963 2075 5003 m.
2090 4943 2170 5022 Sept
2184 4965 2263 5007 anuo

584 5033 700 5115 gaudiia
721 5037 894 5117 pompisque
915 5035 1033 5096 minime
1054 5035 1199 5095 vacabant
1220 5036 1346 5095 incolae.
1449 5042 1525 5098 1209
1548 5058 1686 5097 00100110
1700 5041 1853 5117 acceperit,
1875 5038 2067 5099 Wilbrandus
2081 5051 2179 5101 autem
2197 5055 2267 5122 post

651 5138 721 5209 154)
743 5147 817 5195 cast.
850 5137 885 5193 de
915 5134 1029 5211 Seleph]
1058 5133 1221 5194 Seleuciam
1245 5135 1322 5195 Libo
1351 5155 1403 5194 rex
1445 5134 1592 5199 11100122.
1623 5158 1660 5197 m.
1682 5137 1759 5197 Nov.
1788 5138 1856 5196 anni
1884 5142 1975 5210 1211,
2006 5159 2063 5217 quo
2087 5140 2263 5202 Antiochiae

584 5253 662 5294 1000
688 5239 763 5294 1210
793 5232 835 5295 St.
859 5230 1000 5293 Iohannis
1032 5232 1179 5313 equitibus
1208 5233 1286 5294 dono
1313 5232 1402 5293 dede·
1444 5236 1568 5314 eclipsin
1595 5235 1682 5310 vidit,
1713 5237 1742 5294 iu
1765 5236 1836 5296 urbe
1859 5236 1890 5295 Si
1920 5236 1967 5295 die
1997 5241 2023 5296 6.
2046 5257 2083 5297 m.
2106 5237 2170 5299 Ian.
2201 5241 2262 5320 epi·

585 5341 637 5394 rat.
683 5332 719 5392 V.
740 5331 862 5392 Wilken
884 5332 938 5392 VI.
961 5337 999 5394 39
1022 5353 1051 5392 0.
1075 5338 1122 5392 71.
1444 5333 1574 5412 phaniae
1596 5335 1703 5392 festum
1725 5336 1826 5411 egerit,
1848 5336 1978 5414 sequitur
1992 5345 2060 5414 post
2077 5334 2211 5398 (1101027.
2224 5359 2262 5399 10.

651 5434 718 5504 155)
741 5438 772 5488 ut
793 5432 871 5507 ante]
895 5451 919 5492 c.
941 5430 1028 5503 XVI,
1051 5438 1078 5493 4.
1443 5431 1524 5510 Sept.
1547 5433 1616 5490 anni
1643 5437 1718 5493 1209
1744 5443 1774 5491 01
1795 5444 1862 5493 1010
1883 5433 1911 5494 d.
1935 5440 1963 5495 6.
1977 5454 2015 5494 01.
2037 5434 2167 5493 Ianuarii
2189 5438 2261 5496 anni

651 5532 718 5602 156)
745 5547 842 5604 nuper
869 5529 1078 5606 coronarerat]
1111 5527 1274 5602 Gebhardi,
1309 5549 1399 5609 quum
1444 5534 1521 5591 1212
1537 5530 1707 5609 Ruppinum
1729 5533 1870 5592 iuniorem
1892 5533 1968 5608 regie
1991 5551 2097 5590 nomen
2118 5532 2261 5613 adeptum

584 5627 641 5689 hoc
667 5629 732 5708 ipso
765 5626 812 5686 die
832 5626 1002 5707 Ruppinum
1029 5637 1199 5687 coronatum
1220 5647 1285 5688 esse
1305 5636 1398 5708 putet,
1441 5648 1516 5689 esee.
1559 5627 1615 5688 Cui
1637 5632 1677 5689 rei
1699 5632 1723 5690 si
1744 5632 1921 5691 interfuisset
1942 5629 2149 5705 Wilbrandus,
2171 5651 2263 5710 nego·

584 5724 756 5787 adverbium
775 5745 871 5801 nuper
892 5726 1046 5786 nniusdiei
1061 5728 1155 5806 spatio
1171 5728 1298 5787 coerceri
1311 5747 1400 5806 00000
1439 5728 1511 5786 tium
1531 5748 1615 5788 suum
1638 5728 1973 5803 honorificentissimum,
1992 5749 2081 5810 quum
2103 5749 2162 5788 non
2184 5742 2265 5791 esset
2330 5729 2333 5733 ’

585 5827 721 5905 opinetur
746 5843 868 5884 necesse
896 5833 948 5884 est.
992 5823 1053 5884 Sed
1082 5825 1119 5884 cf.
1144 5827 1236 5885 Ferd.
1260 5826 1400 5884 Schultair'
1441 5824 1520 5904 qnod
1548 5827 1722 5899 occultaret,
1749 5840 1905 5888 exsecutus
1934 5831 1996 5888 sine
2023 5827 2113 5887 dubio
2143 5826 2261 5888 disertis

585 5924 807 6004 synonymieam
828 5923 880 5982 lat.
898 5943 927 6000 p.
950 5927 1004 5985 261
1030 5945 1058 5985 0.
1080 5929 1156 5995 132,
1178 5925 1227 5983 ubi
1246 5924 1320 5984 haec
1341 5923 1398 5984 duo
1440 5923 1538 5983 verbis
1560 5934 1715 5986 narrasset.
