5334 6975
1406 683 1445 745 58

525 888 527 892 ’
587 871 638 925 tus
660 862 755 926 nimis
776 869 809 925 et
829 859 970 924 difficilis
992 860 1034 925 ad
1057 858 1306 924 ascendendum.
1345 856 1410 922 Sed
1431 867 1606 944 temptatus
1629 861 1731 922 estin
1753 856 1816 922 alio
1837 868 1945 923 moute
1957 859 2024 941 ³⁸⁴),
2046 862 2101 945 qui
2121 883 2179 947 per
2195 873 2262 927 tres

587 976 695 1042 leucas
717 976 816 1041 distat
839 977 880 1042 ab
902 977 980 1058 isto,
1002 998 1103 1059 supra
1123 977 1158 1039 in
1179 974 1315 1057 deserto,
1339 997 1359 1039 5
1380 974 1480 1038 latere
1502 973 1614 1038 Bethel
1636 984 1668 1037 et
1687 973 1764 1058 Hay
1788 972 1929 1038 australi.

536 1103 569 1158 35
714 1091 833 1158 Subter
854 1090 1093 1172 Quareutenam
1125 1090 1193 1155 fere
1221 1101 1375 1177 quantum
1401 1089 1451 1154 bis
1482 1101 1589 1175 potest
1619 1090 1726 1154 iacere
1748 1112 1843 1153 arcus
1864 1092 1967 1153 oritur
1982 1096 2058 1165 sone
2078 1095 2260 1171 Helieei³⁸⁵)

588 1221 619 1274 et
646 1208 762 1287 effluit,
795 1208 885 1272 cuius
911 1230 1013 1294 aquas
1040 1208 1168 1271 sanauit
1186 1205 1353 1286 Heliseus,
1385 1207 1463 1293 quia
1490 1227 1601 1269 amare
1630 1216 1724 1269 erant
1749 1214 1781 1268 et
1811 1204 1945 1270 steriles.
1986 1204 2051 1270 Hic
2078 1207 2148 1273 fluit
2167 1210 2262 1275 iuxta

587 1324 689 1390 locum
713 1323 851 1410 Galgale
878 1346 898 1387 a
928 1333 1022 1409 parte
1044 1322 1262 1403 australi³⁸⁶),
1292 1333 1325 1386 et
1351 1319 1488 1407 impellit
1510 1343 1630 1406 magna
1655 1319 1860 1403 molendina,
1888 1333 1919 1385 et
1941 1332 2055 1407 postea
2080 1322 2204 1390 diuisus
2226 1328 2261 1390 in

587 1440 675 1505 riuos
701 1439 812 1526 plures
841 1441 927 1525 rigat
948 1438 1134 1503 calamellas
1156 1448 1187 1503 et
1210 1449 1297 1503 ortos
1320 1447 1352 1501 et
1372 1435 1516 1502 iardinos
1539 1458 1642 1522 usque
1662 1437 1695 1501 in
1715 1435 1841 1500 Iericho
1863 1447 1895 1501 et
1916 1437 2015 1520 infra,
2049 1449 2081 1503 et
2102 1439 2208 1505 influit
2226 1443 2261 1506 in

585 1554 767 1620 Iordanem.

535 1688 566 1738 11
710 1670 807 1736 quta
824 1669 965 1755 Galgala
985 1669 1028 1733 ad
1050 1669 1216 1733 dimidiam
1238 1668 1363 1732 leucam
1388 1679 1501 1733 contra
1522 1681 1666 1733 austrum
1687 1680 1736 1734 eet
1758 1668 1852 1733 uallis
1866 1670 2044 1752 Acher387),
2067 1669 2261 1754 submonte,

586 1787 641 1851 ubi
662 1786 826 1873 lapidatus
846 1787 906 1850 fuit
929 1786 1015 1850 idem
1036 1785 1147 1851 Achor
1169 1806 1228 1871 pro
1250 1785 1335 1847 liuto
1358 1783 1581 1849 anathematis.

535 1916 567 1966 38
615 1910 617 1924 ²
709 1903 762 1967 De
784 1901 932 1988 Galgalis
955 1914 1068 1968 contra
1088 1903 1243 1965 orientem
1266 1899 1308 1963 ad
1329 1921 1427 1963 unam
1449 1899 1573 1965 leucam
1593 1905 1710 1963 Iericho
1739 1902 1802 1965 sita
1824 1914 1887 1982 est,
1918 1900 2080 1988 quondam
2102 1902 2261 1989 gloriosa3

585 2039 671 2082 nunc
693 2021 750 2082 uix
771 2029 843 2083 octo
864 2018 994 2096 habet·)
1017 2018 1139 2099 domos,
1161 2026 1193 2079 et
1219 2027 1294 2079 sunt
1315 2014 1360 2078 ibi
1381 2016 1520 2099 uestigia
1542 2016 1614 2080 uilis
1637 2015 1722 2095 uille,
1743 2026 1775 2080 et
1796 2019 1904 2082 omnia
1925 2030 2130 2083 monumenta
2153 2043 2260 2088 sacro-

587 2156 660 2198 rum
681 2132 825 2199 locorum
846 2135 879 2197 in
901 2156 940 2198 ea
961 2135 1088 2221 penitus
1111 2145 1185 2197 sunt
1207 2130 1321 2197 deleta.

535 2272 568 2322 39
709 2250 762 2315 De
782 2249 909 2315 Iericho
938 2249 1063 2315 duabus
1084 2248 1183 2313 leucis
1211 2246 1253 2311 ad
1275 2245 1448 2310 Iordanem
1477 2257 1527 2312 est
1553 2252 1670 2326 capella
1692 2251 1852 2311 inhonore
1878 2254 1978 2313 sancti
1998 2254 2143 2312 Iohannis
2164 2256 2261 2332 bapti-

584 2382 627 2430 ste
641 2368 699 2439 ³⁸⁸²)
721 2368 822 2448 facta,
849 2365 904 2429 ubi
927 2365 1069 2430 creditur
1089 2365 1249 2428 Dominus
1272 2363 1465 2449 baptizatus.
1510 2362 1655 2428 Credunt
1677 2375 1785 2428 tamen
1807 2365 1939 2450 quidem
1961 2366 2053 2430 iuxta
2074 2365 2175 2432 Salim
2198 2367 2262 2433 hoc

585 2482 705 2547 iactum
730 2504 810 2562 esse,
833 2479 890 2545 sed
910 2480 1045 2545 ecclesie
1067 2480 1254 2545 solemnitas
1277 2478 1351 2543 huic
1373 2479 1574 2543 contradicit.

709 2597 781 2679 Que
801 2598 888 2660 sacta
909 2598 1036 2661 suntin
1057 2595 1194 2677 Iericho,
1218 2596 1296 2658 satis
1320 2605 1394 2658 sunt
1415 2606 1502 2676 nota,
1524 2606 1555 2660 et
1575 2595 1649 2660 ideo
1671 2596 1813 2660 scribere
1834 2594 1906 2661 nolo
1929 2619 1976 2660 ea.

417 2740 419 2744 ·
533 2742 566 2791 lo
709 2713 760 2779 De
783 2711 909 2778 Iericho
939 2712 1065 2776 duabus
1092 2710 1191 2775 leucis
1218 2712 1310 2775 iuxta
1338 2731 1428 2774 mare
1450 2722 1608 2775 mortuum
1630 2722 1679 2776 est
1700 2710 1967 2794 Beruaqzabmsst),
1996 2711 2053 2776 ubi
2076 2711 2134 2776 filii
2155 2712 2259 2777 lsrael

585 2826 781 2915 planxerunt
802 2839 928 2915 patrem
952 2850 1043 2892 suum
1065 2827 1164 2892 Iacob
1185 2839 1359 2908 mortuum,
1381 2826 1510 2912 quando
1532 2850 1604 2891 eum
1626 2826 1764 2892 tulerant
1785 2826 1825 2892 de
1840 2826 1980 2914 Egypto
2017 2828 2128 2892 Distat
2150 2838 2258 2893 autem

585 2942 628 3007 ad
650 2966 748 3008 unam
768 2944 893 3009 leucam
914 2944 955 3009 de
975 2942 1121 3009 Iordane.
1164 2942 1207 3006 Et
1229 2943 1377 3007 habitant
1399 2942 1445 3005 ibi
1468 2942 1616 3007 monachi
1638 2944 1736 3029 greci.

532 3081 563 3130 tt
706 3059 759 3124 De
780 3060 906 3126 Iericho
927 3060 1031 3125 tribus
1052 3058 1161 3139 leucis,
1184 3058 1217 3122 id
1239 3070 1288 3123 est
1307 3080 1372 3123 una
1394 3057 1434 3122 de
1449 3057 1574 3144 capella
1590 3060 1693 3122 sancti
1709 3058 1863 3124 Iohannis
1878 3057 1920 3123 ad
1936 3058 2187 3139 Iordanem³⁰⁰),
2209 3069 2260 3122 est

583 3198 666 3238 mure
687 3189 840 3253 mertuum,
862 3176 948 3261 quod
969 3178 1071 3240 eciam
1093 3173 1182 3238 lacus
1205 3174 1366 3261 aspaltia),
1391 3173 1493 3239 idest
1515 3173 1680 3239 bituminis
1702 3174 1752 3238 uel
1775 3197 1864 3239 mare
1888 3175 1965 3239 salis
1989 3174 2116 3241 dicitur.
2165 3174 2257 3239 Istud

582 3290 700 3355 diuidit
714 3291 871 3358 Arabiam
886 3301 917 3357 et
929 3291 1072 3358 Iudeam.
1106 3291 1151 3355 Et
1167 3302 1215 3355 est
1230 3292 1262 3353 in
1275 3289 1412 3358 littoreo
1429 3290 1577 3355 orientali
1592 3300 1679 3354 terra
1691 3289 1789 3354 Moab
1807 3299 1838 3354 et
1852 3290 1991 3355 Ammon
2006 3301 2038 3354 et
2055 3312 2146 3354 mons
2157 3289 2253 3375 Seyr,

583 3406 623 3471 dc
645 3406 763 3495 quibus
791 3408 912 3473 dictum
934 3419 982 3472 est
1004 3409 1189 3493 supra³⁹¹),
1223 3421 1254 3469 et
1281 3404 1464 3469 extenditur
1493 3428 1593 3493 usque
1616 3404 1723 3470 Cadus
1743 3406 1850 3470 Barne
1878 3416 1910 3471 et
1931 3406 2094 3471 desertum
2115 3404 2258 3469 Pharan.

532 3550 564 3600 42
708 3523 898 3590 Ostenditur
927 3525 1013 3588 circa
1045 3523 1185 3586 medium
1213 3525 1281 3587 eius
1310 3523 1343 3586 in
1372 3523 1479 3586 littore
1502 3521 1650 3585 orientali
1673 3527 1761 3582 illone
1783 3523 1935 3604 5551391),
1968 3521 2054 3608 quod
2077 3523 2255 3606 antiquitus

584 3643 678 3701 Petra
700 3641 910 3716 deserti⁰i³⁹³)
933 3637 1110 3719 dicebatur,
1133 3660 1217 3701 nrrnc
1238 3660 1316 3702 uero
1340 3639 1511 3713 Krach³⁹⁴)
1534 3636 1660 3718 dIcitur,
1683 3639 1839 3701 munitum
1863 3638 1967 3719 ualde,
1990 3637 2076 3725 quod
2095 3636 2257 3702 Baldewi·

650 3789 677 3854 a)
693 3787 772 3840 hehet
789 3795 848 3839 octo
867 3785 906 3840 St.
925 3817 957 3825 -
977 3787 1006 3851 b)
1024 3785 1206 3855 5515591581.
1227 3788 1299 3841 Beth
1319 3787 1416 3854 Haqha
1434 3793 1476 3838 est
1493 3785 1633 3854 scriptura
1651 3784 1794 3855 Vulgatae.
1813 3815 1844 3824 -
1870 3792 1896 3850 c)
1916 3788 1960 3839 De
1978 3786 2086 3841 Iericho
2104 3787 2156 3839 III
2170 3786 2257 3841 leuca'e

720 3871 736 3923 i.
756 3869 794 3935 tid
811 3874 863 3941 eet)
881 3869 1001 3923 Iorrlane
1023 3878 1048 3924 et
1068 3871 1177 3939 capella
1201 3872 1292 3924 sancti
1308 3870 1441 3923 Iohannis
1466 3876 1491 3922 et
1514 3886 1588 3922 nuere
1612 3876 1745 3922 mortuum
1763 3871 1836 3935 qarod
1851 3871 1936 3923 eciam
1960 3871 2038 3924 locus
2055 3889 2114 3940 asp.
2133 3871 2173 3925 st.
2210 3872 2258 3924 De

717 3953 825 4007 Iericho
842 3955 929 4007 trahae
945 3955 1030 4008 155ιεί5
1048 3956 1082 4007 de
1099 3955 1220 4008 Iordane
1239 3963 1278 4008 eat
1293 3953 1403 4024 capella
1420 3952 1445 4008 h.
1463 3983 1495 3992 -
1513 3953 1542 4022 d)
1560 3953 1588 4005 in
1607 3953 1700 4007 littore
1718 3955 1777 4007 eiua
1796 3952 1822 4007 b.
1840 3984 1870 3993 -
1890 3958 1915 4019 e)
1930 3961 2027 4023 petrae
2044 3955 2145 4008 51555511
2161 3953 2200 4009 st.

645 4095 716 4164 384)
738 4093 768 4149 in
789 4093 850 4149 alio
872 4094 974 4169 monte]
998 4092 1043 4152 cf.
1066 4093 1144 4171 Mag.
1161 4092 1322 4152 'l‘hietmari
1346 4113 1395 4172 pe·
1500 4095 1571 4165 393)
1595 4094 1688 4150 Petra
1711 4092 1828 4167 deserta]
1854 4091 1929 4150 Tres
1945 4090 2031 4150 urbes
2046 4092 2149 4151 Petras
2163 4092 2257 4153 fuisse

582 4192 805 4267 regrinationem
825 4190 881 4250 XI.
907 4198 942 4252 10
963 4201 992 4251 et
1011 4194 1230 4252 annotationem
1254 4198 1321 4254 374.
1438 4190 1587 4249 contendit
1602 4190 1777 4261 Ronmanis,
1803 4211 1925 4270 quarum
1940 4190 2015 4250 duae
2028 4191 2134 4250 Petrae
2148 4190 2259 4251 deserti

643 4292 715 4362 385)
728 4295 805 4362 sons
825 4290 948 4365 Heliaei]
970 4311 1048 4350 nuuc
1069 4289 1137 4350 ’Ain
1159 4290 1319 4351 5581111115.
1436 4290 1604 4347 nominatae
1618 4291 1683 4350 sint.
1709 4290 1745 4351 V.
1764 4289 1892 4349 Raumer
1904 4311 1935 4368 p.
1954 4293 2124 4350 412-417.
2144 4288 2256 4349 Robin-

644 4387 797 4457 estillic
819 4389 890 4462 fluit
917 4421 957 4430 —
982 4410 1001 4446 a
1026 4399 1116 4465 parte
1138 4390 1277 4465 australi]
1306 4388 1394 4462 Quod
1437 4388 1501 4445 soni
1523 4400 1620 4447 autem
1642 4390 1788 4449 sententia
1803 4388 1873 4446 olim
1895 4409 1954 4447 una
1969 4399 2083 4447 tantum
2102 4387 2204 4456 Petra,
2226 4395 2258 4448 et

581 4486 604 4543 si
626 4487 666 4542 ita
687 4493 739 4555 eet,
760 4504 819 4544 non
839 4495 936 4564 potest
957 4487 1037 4547 locus
1051 4488 1176 4566 Galgale
1195 4489 1351 4547 convenire
1365 4489 1395 4547 iu
1437 4506 1495 4545 una
1511 4496 1623 4545 tantum
1636 4487 1725 4546 Petra
1740 4486 1855 4559 deserti,
1872 4507 1947 4565 quae
1964 4488 2000 4546 sit
2011 4485 2123 4558 Kerek,
2136 4487 2256 4549 exstitit.

476 4586 482 4627 ·'
581 4591 713 4642 recentes
724 4582 874 4641 er·Riham
889 4583 1109 4663 551115551151,
1124 4607 1142 4644 a
1160 4587 1265 4666 quibus
1280 4597 1396 4666 septen·
1438 4584 1474 4645 V.
1494 4585 1645 4645 Robinson
1667 4585 1731 4644 Pal.
1753 4585 1809 4646 Ill.
1833 4590 1900 4646 767.
1940 4584 2018 4644 Illud
2040 4583 2158 4664 quidem
2180 4585 2257 4644 iuter

576 4681 713 4751 trionem,
734 4699 794 4739 non
815 4679 964 4740 meridiem
988 4703 1089 4742 versus
1110 4685 1172 4743 fluit
1193 4685 1258 4744 fons
1275 4685 1395 4746 Elisaei.
1438 4705 1547 4755 omues,
1566 4687 1614 4764 qui
1637 4704 1715 4744 nunc
1735 4692 1810 4754 suut,
1832 4684 2019 4764 geographos
2042 4693 2170 4755 constat,
2198 4684 2255 4744 Pe·

644 4782 715 4852 387)
737 4778 827 4837 551Ιί5
847 4780 954 4855 Achor]
979 4781 1016 4840 V.
1037 4781 1130 4842 ffittcr
1150 4784 1211 4842 XV
1233 4787 1284 4859 (1).
1305 4790 1374 4846 541.
1437 4794 1511 4842 tram
1541 4783 1647 4843 deserti
1680 4803 1739 4843 non
1768 4783 1858 4842 fuisse
1886 4783 2016 4843 Mentem
2044 4783 2190 4860 regalem,
2223 4793 2257 4842 ut

645 4881 716 4951 388)
739 4880 854 4954 capella
880 4879 898 4939 i.
929 4882 955 4939 h.
977 4900 999 4940 a.
1020 4882 1164 4940 Iohannis
1192 4884 1324 4959 baptiste]
1358 4883 1394 4944 V.
1437 4903 1532 4941 errore
1560 4894 1662 4962 captus
1695 4881 1794 4941 scribit
1825 4881 2018 4941 Barchardus.
2070 4880 2209 4940 Carolum
2236 4902 2257 4941 a

580 4977 675 5037 Ritter
693 4977 755 5036 XV
775 4980 827 5049 (l).
852 4980 910 5038 536
933 4998 995 5058 sqq.
1437 4982 1564 5041 Raumer
1585 4984 1609 5040 si
1631 4982 1780 5060 sequaris,
1806 4981 1923 5040 Petram
1953 4980 2138 5039 adamiticam
2160 4982 2190 5040 in
2210 5001 2255 5040 re-

643 5080 713 5149 389)
742 5075 897 5151 35115915]
926 5077 1056 5156 Antiqua
1086 5078 1285 5157 Beth-Hagla
1316 5102 1394 5140 nunc
1436 5090 1549 5140 centem
1567 5080 1655 5140 Wadi
1671 5081 1796 5151 Musam,
1816 5099 1986 5139 unamvero
2000 5080 2117 5138 Petram
2136 5079 2255 5153 deserti,

581 5184 631 5232 aut
657 5173 724 5232 'Ain
756 5174 926 5246 Hadschla,
959 5189 1010 5234 aut
1041 5197 1093 5235 arx
1120 5177 1272 5237 Hadschle
1298 5178 1393 5238 diruta
1436 5180 1630 5251 moabitieam,
1651 5180 1681 5238 in
1694 5180 1845 5258 antiquum
1860 5179 1997 5238 11555515
2013 5177 2103 5237 Moab
2117 5199 2141 5239 s.
2159 5181 2253 5238 Areo·

582 5292 647 5332 esso
676 5273 798 5335 videtur.
847 5272 885 5333 V.
913 5274 1008 5333 Ritter
1037 5274 1098 5333 XV
1129 5278 1138 5340 i
1152 5281 1193 5348 1).
1225 5282 1299 5346 541.
1335 5299 1394 5337 von
1435 5279 1540 5358 polim,
1569 5279 1691 5337 alteram
1717 5279 1748 5336 in
1773 5278 1831 5336 Kir
1858 5278 1948 5336 Moab
1977 5299 1998 5336 s.
2022 5277 2125 5337 Kerek
2153 5276 2255 5351 (Orac)

580 5371 709 5432 Raumer
730 5394 757 5451 p.
785 5379 856 5444 1593
879 5393 936 5432 van
958 5372 995 5432 de
1018 5372 1114 5433 Valde
1135 5374 1223 5434 Mem.
1246 5397 1274 5454 p.
1298 5381 1368 5439 298.
1436 5379 1589 5437 convenire
1602 5385 1722 5437 statues.
1753 5376 1941 5436 Robinsonus
1956 5387 2057 5436 contra
2072 5377 2256 5455 negatltah·

644 5474 715 5544 399)
737 5473 784 5529 De
798 5472 915 5530 Iericho
933 5508 969 5518 -
989 5475 1032 5530 ad
1044 5473 1213 5548 Iordanem]
1235 5473 1314 5533 Huic
1329 5475 1395 5536 libri
1436 5475 1505 5534 bath
1528 5475 1616 5534 Moab
1647 5497 1671 5536 s.
1694 5475 1865 5553 Areopolim
1886 5477 1974 5535 fuisse
1996 5475 2114 5534 Petram
2134 5474 2253 5548 deserti,

582 5568 646 5629 loco
676 5569 763 5629 valde
793 5570 901 5630 afflicto
930 5581 959 5630 et
986 5571 1046 5632 fere
1077 5570 1189 5651 perdito
1213 5593 1264 5650 pro
1285 5572 1395 5633 viribus
1436 5574 1466 5631 in
1487 5594 1522 5633 eo
1546 5586 1642 5633 tamen
1672 5595 1738 5633 cum
1758 5574 1905 5634 Raunrero
1933 5576 2092 5642 consentit,
2123 5573 2203 5653 quod
2224 5584 2256 5635 et

582 5668 689 5728 mederi
711 5669 897 5730 conabamur.
1439 5673 1501 5751 ipse
1524 5672 1642 5732 Petram
1664 5672 1771 5733 deserti
1793 5694 1858 5733 cum
1879 5672 1982 5733 Kerek
2005 5674 2162 5752 componit.
2205 5671 2253 5734 cf.

644 5771 715 5841 391)
738 5770 774 5826 de
795 5769 898 5845 quibus
919 5770 1028 5828 dietum
1049 5779 1091 5828 est
1113 5770 1216 5844 supra]
1239 5770 1262 5830 I.
1286 5775 1313 5829 4.
1439 5769 1516 5848 Mag.
1538 5770 1700 5830 Thietmari
1719 5792 1831 5852 peregr.
1855 5793 1883 5851 p.
1906 5776 1954 5834 37.
1978 5791 2003 5831 5.
2024 5771 2094 5833 XV.
2116 5776 2143 5832 2.

640 5868 711 5938 392)
732 5870 822 5926 lions
851 5868 924 5943 real]
961 5867 1046 5927 Mons
1083 5869 1189 5947 regalis
1223 5881 1266 5927 est
1295 5889 1396 5929 recens
1500 5874 1570 5942 391)
1598 5891 1676 5930 nunc
1702 5892 1771 5930 uero
1799 5872 1911 5947 Kruchl
1946 5870 2060 5944 Kraeh,
2090 5870 2179 5943 Orac,
2209 5883 2256 5931 est

581 5963 727 6026 schebet.
1439 5967 1585 6028 arabicum
1607 5970 1717 6043 Kerek,
1739 5970 1756 6030 i.
1781 5989 1806 6031 e.
1831 5970 1921 6030 turris.
1964 5969 2070 6049 Neque
2093 5971 2180 6047 igitur
2201 5971 2253 6028 mi·
