5334 6975
1237 710 1257 771 9

513 1011 537 1066 ι,
999 974 1045 1036 16.
1075 984 1193 1033 conax
1215 987 1502 1036 nsnronsnnvsrs.

533 1113 736 1194 Bibliotheca
758 1114 976 1181 Ambrosiana
1004 1118 1146 1183 continet
1177 1117 1296 1184 librum
1325 1120 1535 1187 aBernardo
1568 1120 1609 1187 de
1629 1123 1838 1210 Montfaucon
1860 1124 2010 1192 Biblioth.
2041 1128 2088 1193 bi·

410 1228 644 1295 bliothecarum
664 1232 680 1295 I
702 1254 734 1317 p.
757 1238 813 1297 511
840 1231 900 1297 col.
922 1232 938 1296 I
960 1233 1006 1296 sic
1028 1232 1241 1322 descriptum:

577 1345 759 1412 Brochardi
782 1348 953 1413 Teutonici
975 1348 1153 1436 descriptio
1174 1350 1297 1415 Terrae
1318 1350 1471 1434 Sanctae,
1493 1376 1637 1440 pergam.
1664 1363 1689 1422 1.
1711 1356 1818 1425 homh.
1845 1365 1870 1424 1.

1023 1555 1070 1615 17.
1099 1565 1217 1614 conns
1238 1566 1474 1615 unnalcunsrs.

532 1693 628 1759 Hunc
649 1695 809 1760 Martinus
834 1696 954 1783 Kropff
970 1696 1133 1773 (Biblioth.
1155 1697 1351 1763 Mellicensis
1374 1722 1405 1785 p.
1429 1706 1479 1777 52)
1504 1702 1552 1765 sic
1573 1700 1744 1768 describit:

575 1811 761 1877 Burckardi
785 1811 826 1876 de
845 1811 956 1878 Monte
981 1814 1072 1900 Syon
1094 1813 1282 1900 Descriptio
1302 1825 1411 1879 terrae
1436 1813 1585 1884 Sanctae.
1628 1817 1693 1882 Inc.
1718 1820 1836 1905 praefi:
1859 1819 2082 1886 Dilectissimo

576 1929 609 1991 in
639 1927 769 1994 Christo
796 1928 887 1993 Patri
918 1926 1031 1993 lectori
1062 1930 1201 1995 fratrum
1231 1927 1367 1995 Ordinis
1399 1930 1659 2017 praedicatorum
1691 1935 1792 2000 frater
1818 1935 2012 2001 Burkardus
2042 1935 2083 2001 de

572 2043 683 2109 Monte
706 2043 796 2131 Syon
825 2066 897 2109 cum
927 2046 1013 2110 omni
1036 2044 1206 2111 devotione
1229 2046 1392 2111 orationes
1418 2047 1452 2111 in
1475 2046 1617 2113 Domino
1639 2050 1719 2115 Jesu
1742 2050 1873 2118 Christo
1896 2062 1956 2117 etc.
2001 2051 2084 2119 cod.

572 2160 621 2224 ch.
643 2159 695 2225 fol.
716 2159 746 2225 h.
772 2165 819 2226 17.

529 2276 579 2344 Of.
599 2277 696 2342 Pertz
716 2275 841 2342 Archiv
864 2275 897 2340 X
919 2280 987 2344 603.

1033 2463 1078 2527 18.
1108 2475 1227 2525 connx
1248 2475 1463 2525 oxoniensis.

527 2610 616 2675 Inter
641 2607 743 2674 libros
772 2632 846 2674 mas.
870 2608 1008 2694 Collegii
1028 2607 1062 2675 S.
1084 2608 1127 2671 hl.
1148 2606 1364 2694 Magdalenae
1392 2609 1588 2677 Oxoniensis
1609 2611 1777 2678 Bernardo
1807 2613 1847 2678 dc
1867 2613 2079 2682 Montfaucon

404 2736 537 2792 auctore
559 2727 612 2792 hic
634 2736 698 2792 cst:

571 2845 661 2911 2184.
683 2848 731 2911 43.
756 2842 975 2907 Directorium
996 2851 1104 2906 terrae
1127 2849 1261 2905 sanctae
1282 2838 1321 2904 A.
1344 2840 1387 2905 D.
1412 2847 1489 2911 1332
1511 2841 1555 2907 ad
1575 2842 1770 2929 Passagium
1792 2845 1983 2913 faciendum.

526 2962 702 3021 Brochcrdi
721 2962 851 3022 litarde
872 2971 957 3021 terra
978 2970 1094 3023 sancta.

526 3073 674 3140 Historia
696 3073 964 3162 lerosolymitana
985 3072 1178 3139 abbreviata
1199 3080 1231 3137 ct
1254 3093 1283 3158 q.
1305 3094 1328 3136 s.

528 3189 604 3256 Vid.
625 3190 833 3256 Montfaucon
854 3188 1006 3255 Biblioth.
1027 3187 1174 3254 biblioth.
1195 3188 1219 3253 l.
1240 3193 1301 3257 668
1323 3186 1384 3253 col.
1403 3186 1444 3251 11.
1482 3187 1579 3252 Perta
1599 3186 1724 3253 Archiv
1745 3189 1808 3255 VH
1828 3193 1877 3255 95.

529 3308 594 3389 Qui
615 3306 697 3372 liber
718 3306 928 3371 Beckmanno
949 3329 981 3392 p.
1004 3312 1041 3373 41
1065 3314 1147 3369 teste
1169 3305 1345 3391 inscriptus
1369 3314 1431 3369 est:

572 3421 625 3487 Ad
654 3422 808 3489 honorem
839 3420 952 3487 salvat.
979 3419 1092 3486 mundi
1118 3421 1232 3509 incipit
1260 3419 1344 3484 liber
1372 3418 1413 3484 de
1441 3430 1530 3485 terra
1560 3430 1673 3485 sancta
1703 3418 1807 3486 editus
1835 3422 1978 3487 afratre
1998 3422 2078 3489 Bro-

569 3538 692 3605 chardo
713 3539 897 3605 theotonice
918 3537 1041 3604 ordinis
1062 3538 1202 3603 fratrum
1223 3536 1493 3624 praedicatorum.

525 3655 690 3721 Praefatio
713 3655 844 3742 incipit:

569 3770 653 3837 Cum
685 3772 719 3836 in
747 3770 912 3836 veteribus
936 3771 1082 3837 historiis
1104 3769 1251 3856 legamus
1272 3806 1313 3817 -
1330 3805 1372 3816 -
1393 3767 1467 3854 Ego
1487 3770 1588 3834 frater
1609 3767 1818 3834 Brochardus
1841 3769 1964 3836 ordinis
1986 3793 2079 3859 prae-

566 3886 663 3952 dicat.
685 3886 800 3951 videns
821 3910 918 3974 quam
939 3887 1048 3975 plures
1069 3885 1190 3952 fideles.

524 4003 618 4068 Finis
640 4003 852 4090 praefationis
874 4012 943 4068 est:

565 4120 603 4183 In
626 4118 761 4205 singulis
785 4117 1001 4184 divisionibus
1020 4119 1117 4205 posui
1138 4119 1287 4184 civitates
1309 4128 1341 4183 ct
1362 4117 1443 4182 loca.
1468 4151 1506 4161 -
1530 4149 1569 4160 -
1594 4115 1714 4202 Incipit
1736 4114 1854 4181 divisio
1876 4126 1982 4180 terrae
2004 4139 2076 4180 san·

567 4246 637 4299 ctae
662 4257 722 4322 per
748 4234 821 4300 loca
843 4246 874 4300 et
893 4236 1089 4322 provincias.
1132 4233 1306 4299 Sciendum
1327 4244 1436 4299 tamen
1456 4243 1505 4296 cst
1525 4233 1558 4295 in
1582 4231 1762 4319 principio,
1790 4231 1876 4319 quod
1897 4243 1984 4297 terra
2004 4235 2076 4308 ista,

565 4373 662 4438 quam
684 4362 829 4416 sanctam
851 4350 987 4416 dicimus
1011 4399 1019 4414 .
1040 4399 1048 4414 .
1070 4400 1077 4414 .

522 4466 615 4531 Finis
636 4465 727 4531 libri:

563 4581 711 4669 Explicit
731 4581 861 4648 libellus
882 4581 987 4647 editus
1010 4605 1031 4648 a
1051 4583 1152 4647 fratre
1173 4579 1364 4646 Brochardo
1384 4579 1509 4645 ordinis
1531 4577 1793 4667 praedicatorum
1819 4577 1859 4643 de
1881 4579 2075 4645 discretione

564 4708 597 4763 et
623 4699 851 4763 terminatione
879 4709 986 4763 terrae
1015 4709 1168 4779 sanctae,
1198 4719 1294 4785 quam
1322 4698 1394 4782 ipse
1416 4705 1519 4761 totam
1542 4694 1783 4782 perambulavit
1805 4703 1837 4760 ct
1858 4694 1941 4759 vidit
1964 4706 1995 4760 et
2018 4695 2075 4761 diu

564 4817 660 4880 stetit.
703 4815 807 4896 Quem
829 4815 961 4902 scripsit
982 4816 1016 4879 in
1038 4815 1169 4880 heremo
1191 4851 1232 4860 -
1254 4813 1377 4901 Symon
1399 4812 1566 4895 heremita,
1587 4811 1733 4876 reclusus
1755 4811 1797 4876 oh
1819 4832 1962 4875 amorem
1979 4810 2074 4894 illius,

564 4931 620 5017 qui
641 4931 783 4995 interra
805 4939 917 4996 sancta
939 4940 1083 4997 mortuus
1106 4941 1155 4996 est
1177 4953 1237 5018 pro
1256 4928 1362 4996 nohis.

520 5047 560 5111 V.
582 5046 668 5113 Hist.
689 5047 735 5111 lit.
758 5047 799 5112 dc
819 5046 852 5111 la
873 5046 931 5110 Fr.
948 5046 1040 5111 XXI.
1062 5053 1134 5128 204,
1155 5045 1210 5112 uhi
1231 5047 1349 5111 citatur
1366 5043 1512 5129 Catalog.
1532 5042 1606 5107 libr.
1627 5065 1704 5107 mss.
1719 5040 1858 5126 Angliae
1869 5051 1892 5105 t.
1909 5040 1925 5105 I
1941 5051 2026 5127 part.
2042 5043 2075 5107 11

395 5184 429 5226 n.
450 5168 602 5230 als-43.

521 5278 647 5360 Quodsi
675 5278 736 5345 hoc
758 5279 791 5343 in
813 5278 924 5344 codice
945 5279 1073 5365 legatur
1080 5327 1090 5358 ,
1120 5277 1183 5361 „dc
1203 5281 1418 5357 descriptione,
1449 5272 1575 5340 nonde
1597 5276 1773 5335 discretione
1795 5282 1827 5336 et
1846 5273 2074 5338 terminatione

397 5404 504 5461 terrae
527 5396 689 5477 sanctae“‚
712 5396 900 5461 oxoniensis
922 5417 995 5461 cum
1017 5394 1188 5461 florentino
1210 5394 1320 5482 priore
1342 5393 1515 5457 convenire
1537 5389 1675 5454 videtur.

1026 5601 1070 5661 19.
1101 5610 1220 5658 conux
1241 5606 1448 5657 rnrnvmus.

517 5741 706 5810 Bernardus
728 5741 769 5807 dc
791 5741 1001 5807 Montfaucon
1021 5741 1150 5807 Patavii
1168 5744 1203 5806 in
1222 5739 1335 5805 Museo
1358 5738 1486 5804 Nicolai
1509 5735 1676 5801 Trivisani

559 5860 597 5924 P.
622 5866 679 5929 108
701 5857 861 5925 Borcardi
884 5857 1055 5922 Teutonici
1078 5857 1329 5944 descriptionem
1351 5867 1458 5920 terrae
1480 5863 1612 5918 sanctae

393 5978 558 6041 asservari
576 5975 657 6041 dicit
678 5975 716 6040 B.
736 5973 769 6040 b.
790 5975 807 6038 1
831 5979 891 6043 488
913 5971 971 6038 col.
992 5974 1035 6038 Π.
