<?xml version="1.0" encoding="UTF-8"?>
<!DOCTYPE html PUBLIC "-//W3C//DTD XHTML 1.0 Transitional//EN"
    "http://www.w3.org/TR/xhtml1/DTD/xhtml1-transitional.dtd">
<html xmlns="http://www.w3.org/1999/xhtml" xml:lang="en" lang="en">
 <head>
  <title>
</title>
<meta http-equiv="Content-Type" content="text/html;charset=utf-8" />
  <meta name='ocr-system' content='tesseract 3.04.00' />
  <meta name='ocr-capabilities' content='ocr_page ocr_carea ocr_par ocr_line ocrx_word'/>
</head>
<body>
  <div class='ocr_page' id='page_1' title='image "./peregrinatoresm00brocgoog_0121.png"; bbox 0 0 5334 6975; ppageno 0'>
   <div class='ocr_carea' id='block_1_1' title="bbox 1282 652 1340 710">
    <p class='ocr_par' dir='ltr' id='par_1_1' title="bbox 1282 652 1340 710">
     <span class='ocr_line' id='line_1_1' title="bbox 1282 652 1340 710; baseline 0 0"><span class='ocrx_word' id='word_1_1' title='bbox 1282 652 1340 710; x_wconf 79' lang='lat'>107</span> 
     </span>
    </p>
   </div>
   <div class='ocr_carea' id='block_1_2' title="bbox 599 804 2193 922">
    <p class='ocr_par' dir='ltr' id='par_1_2' title="bbox 599 804 2193 922">
     <span class='ocr_line' id='line_1_2' title="bbox 599 804 2193 922; baseline 0 -32"><span class='ocrx_word' id='word_1_2' title='bbox 599 826 643 890; x_wconf 85' lang='lat' dir='ltr'>Et</span> <span class='ocrx_word' id='word_1_3' title='bbox 663 836 866 890; x_wconf 89' lang='lat' dir='ltr'>transeuntes</span> <span class='ocrx_word' id='word_1_4' title='bbox 888 826 1069 891; x_wconf 90' lang='lat' dir='ltr'>Bethuliam</span> <span class='ocrx_word' id='word_1_5' title='bbox 1093 825 1295 890; x_wconf 83' lang='lat' dir='ltr'>ascendimus</span> <span class='ocrx_word' id='word_1_6' title='bbox 1318 836 1456 890; x_wconf 90' lang='lat' dir='ltr'>montom</span> <span class='ocrx_word' id='word_1_7' title='bbox 1482 830 1613 901; x_wconf 75' lang='lat' dir='ltr'>Thabor,</span> <span class='ocrx_word' id='word_1_8' title='bbox 1639 828 1778 911; x_wconf 89' lang='lat' dir='ltr'>quinque</span> <span class='ocrx_word' id='word_1_9' title='bbox 1799 826 1949 890; x_wconf 89' lang='lat' dir='ltr'>miliaria.</span> <span class='ocrx_word' id='word_1_10' title='bbox 1992 828 2030 890; x_wconf 92' lang='lat' dir='ltr'>ln</span> <span class='ocrx_word' id='word_1_11' title='bbox 2052 829 2142 891; x_wconf 90' lang='lat' dir='ltr'>euius</span> <span class='ocrx_word' id='word_1_12' title='bbox 2161 804 2193 922; x_wconf 53' lang='grc' dir='ltr'>ἓξ</span> 
     </span>
    </p>
   </div>
   <div class='ocr_carea' id='block_1_3' title="bbox 476 939 2194 1605">
    <p class='ocr_par' dir='ltr' id='par_1_3' title="bbox 476 939 2194 1605">
     <span class='ocr_line' id='line_1_3' title="bbox 476 939 2193 1055; baseline -0.002 -46"><span class='ocrx_word' id='word_1_13' title='bbox 476 944 595 1009; x_wconf 91' lang='lat' dir='ltr'>montis</span> <span class='ocrx_word' id='word_1_14' title='bbox 617 941 772 1005; x_wconf 81' lang='lat' dir='ltr'><strong>descensu</strong></span> <span class='ocrx_word' id='word_1_15' title='bbox 793 940 1030 1006; x_wconf 77' lang='lat' dir='ltr'>Melchisedech</span> <span class='ocrx_word' id='word_1_16' title='bbox 1053 941 1196 1006; x_wconf 92' lang='lat' dir='ltr'>obuiauit</span> <span class='ocrx_word' id='word_1_17' title='bbox 1212 941 1354 1023; x_wconf 85' lang='lat' dir='ltr'>Abrahc&#39;,</span> <span class='ocrx_word' id='word_1_18' title='bbox 1376 952 1411 1004; x_wconf 92' lang='lat' dir='ltr'>vt</span> <span class='ocrx_word' id='word_1_19' title='bbox 1433 940 1550 1004; x_wconf 90' lang='lat' dir='ltr'>dicitur</span> <span class='ocrx_word' id='word_1_20' title='bbox 1571 942 1604 1004; x_wconf 92' lang='lat' dir='ltr'>in</span> <span class='ocrx_word' id='word_1_21' title='bbox 1626 940 1762 1004; x_wconf 90' lang='lat' dir='ltr'>historia</span> <span class='ocrx_word' id='word_1_22' title='bbox 1786 942 1956 1006; x_wconf 89' lang='lat' dir='ltr'>scolastica</span> <span class='ocrx_word' id='word_1_23' title='bbox 1978 939 2193 1055; x_wconf 58' lang='grc' dir='ltr'><strong>11911999-Ξέ</strong></span> 
     </span>
     <span class='ocr_line' id='line_1_4' title="bbox 477 1055 2144 1145; baseline -0.001 -22"><span class='ocrx_word' id='word_1_24' title='bbox 477 1060 675 1145; x_wconf 85' lang='lat' dir='ltr'>figuracione</span> <span class='ocrx_word' id='word_1_25' title='bbox 697 1057 840 1121; x_wconf 90' lang='lat' dir='ltr'><strong>Domini.</strong></span> <span class='ocrx_word' id='word_1_26' title='bbox 881 1057 925 1121; x_wconf 86' lang='lat' dir='ltr'>Et</span> <span class='ocrx_word' id='word_1_27' title='bbox 946 1057 1183 1143; x_wconf 89' lang='lat' dir='ltr'>predicauimus</span> <span class='ocrx_word' id='word_1_28' title='bbox 1209 1058 1321 1122; x_wconf 88' lang='lat' dir='ltr'>flentes</span> <span class='ocrx_word' id='word_1_29' title='bbox 1353 1067 1384 1121; x_wconf 92' lang='lat' dir='ltr'>ct</span> <span class='ocrx_word' id='word_1_30' title='bbox 1405 1055 1602 1120; x_wconf 81' lang='lat' dir='ltr'><strong>admirantes</strong></span> <span class='ocrx_word' id='word_1_31' title='bbox 1625 1056 1665 1120; x_wconf 92' lang='lat' dir='ltr'>de</span> <span class='ocrx_word' id='word_1_32' title='bbox 1686 1066 1777 1120; x_wconf 85' lang='lat' dir='ltr'>tanta</span> <span class='ocrx_word' id='word_1_33' title='bbox 1799 1057 2022 1122; x_wconf 85' lang='lat' dir='ltr'>destructione.</span> <span class='ocrx_word' id='word_1_34' title='bbox 2065 1057 2144 1121; x_wconf 91' lang='lat' dir='ltr'>Inde</span> 
     </span>
     <span class='ocr_line' id='line_1_5' title="bbox 477 1170 2144 1258; baseline -0.002 -19"><span class='ocrx_word' id='word_1_35' title='bbox 477 1173 618 1239; x_wconf 89' lang='lat' dir='ltr'>vidimus</span> <span class='ocrx_word' id='word_1_36' title='bbox 640 1183 768 1258; x_wconf 88' lang='lat' dir='ltr'>partem</span> <span class='ocrx_word' id='word_1_37' title='bbox 787 1172 928 1254; x_wconf 91' lang='lat' dir='ltr'>Arabie,</span> <span class='ocrx_word' id='word_1_38' title='bbox 956 1174 1071 1258; x_wconf 89' lang='lat' dir='ltr'>viginti</span> <span class='ocrx_word' id='word_1_39' title='bbox 1093 1172 1248 1255; x_wconf 88' lang='lat' dir='ltr'>miliaria,</span> <span class='ocrx_word' id='word_1_40' title='bbox 1280 1183 1312 1237; x_wconf 93' lang='lat' dir='ltr'>et</span> <span class='ocrx_word' id='word_1_41' title='bbox 1331 1183 1489 1253; x_wconf 92' lang='lat' dir='ltr'>montem,</span> <span class='ocrx_word' id='word_1_42' title='bbox 1515 1170 1572 1235; x_wconf 90' lang='lat' dir='ltr'>vbi</span> <span class='ocrx_word' id='word_1_43' title='bbox 1597 1170 1647 1235; x_wconf 90' lang='lat' dir='ltr'>vel</span> <span class='ocrx_word' id='word_1_44' title='bbox 1671 1171 1755 1235; x_wconf 90' lang='lat' dir='ltr'>vnde</span> <span class='ocrx_word' id='word_1_45' title='bbox 1777 1171 1965 1237; x_wconf 87' lang='lat' dir='ltr'>deriuantur</span> <span class='ocrx_word' id='word_1_46' title='bbox 1978 1175 2016 1251; x_wconf 84' lang='lat'>¹³)</span> <span class='ocrx_word' id='word_1_47' title='bbox 2037 1175 2091 1238; x_wconf 90' lang='lat' dir='ltr'>lor</span> <span class='ocrx_word' id='word_1_48' title='bbox 2113 1185 2144 1238; x_wconf 90' lang='grc'>91</span> 
     </span>
     <span class='ocr_line' id='line_1_6' title="bbox 476 1286 2194 1378; baseline -0.001 -23"><span class='ocrx_word' id='word_1_49' title='bbox 476 1290 564 1372; x_wconf 85' lang='lat' dir='ltr'>Dan,</span> <span class='ocrx_word' id='word_1_50' title='bbox 585 1289 640 1372; x_wconf 92' lang='lat' dir='ltr'>qui</span> <span class='ocrx_word' id='word_1_51' title='bbox 660 1288 795 1351; x_wconf 85' lang='lat' dir='ltr'>iniciant</span> <span class='ocrx_word' id='word_1_52' title='bbox 815 1287 996 1352; x_wconf 81' lang='lat' dir='ltr'>Iordanem.</span> <span class='ocrx_word' id='word_1_53' title='bbox 1038 1287 1117 1353; x_wconf 90' lang='lat' dir='ltr'>Inde</span> <span class='ocrx_word' id='word_1_54' title='bbox 1138 1288 1278 1352; x_wconf 86' lang='lat' dir='ltr'>vidimus</span> <span class='ocrx_word' id='word_1_55' title='bbox 1299 1299 1424 1378; x_wconf 85' lang='lat' dir='ltr'>montes</span> <span class='ocrx_word' id='word_1_56' title='bbox 1447 1286 1581 1368; x_wconf 83' lang='lat' dir='ltr'>Gelboe,</span> <span class='ocrx_word' id='word_1_57' title='bbox 1602 1286 1818 1372; x_wconf 89' lang='lat' dir='ltr'>quadraginta</span> <span class='ocrx_word' id='word_1_58' title='bbox 1839 1287 1902 1351; x_wconf 93' lang='lat' dir='ltr'>duo</span> <span class='ocrx_word' id='word_1_59' title='bbox 1927 1290 2074 1355; x_wconf 91' lang='lat' dir='ltr'>miliaria.</span> <span class='ocrx_word' id='word_1_60' title='bbox 2162 1312 2194 1361; x_wconf 79' lang='grc'>39</span> 
     </span>
     <span class='ocr_line' id='line_1_7' title="bbox 600 1402 2193 1490; baseline -0.003 -23"><span class='ocrx_word' id='word_1_61' title='bbox 600 1402 654 1467; x_wconf 91' lang='lat' dir='ltr'>Ad</span> <span class='ocrx_word' id='word_1_62' title='bbox 675 1404 790 1490; x_wconf 90' lang='lat' dir='ltr'>pedem</span> <span class='ocrx_word' id='word_1_63' title='bbox 813 1406 929 1467; x_wconf 91' lang='lat' dir='ltr'>montis</span> <span class='ocrx_word' id='word_1_64' title='bbox 953 1403 1086 1467; x_wconf 85' lang='lat' dir='ltr'>Thabor</span> <span class='ocrx_word' id='word_1_65' title='bbox 1108 1413 1157 1468; x_wconf 90' lang='lat' dir='ltr'>est</span> <span class='ocrx_word' id='word_1_66' title='bbox 1178 1426 1313 1490; x_wconf 90' lang='lat' dir='ltr'>campus</span> <span class='ocrx_word' id='word_1_67' title='bbox 1334 1425 1471 1488; x_wconf 89' lang='lat' dir='ltr'>magnus</span> <span class='ocrx_word' id='word_1_68' title='bbox 1494 1408 1649 1465; x_wconf 81' lang='lat' dir='ltr'>Esdreloa.</span> <span class='ocrx_word' id='word_1_69' title='bbox 2162 1424 2193 1474; x_wconf 78' lang='lat'>37</span> 
     </span>
     <span class='ocr_line' id='line_1_8' title="bbox 599 1515 2194 1605; baseline 0.001 -22"><span class='ocrx_word' id='word_1_70' title='bbox 599 1520 644 1584; x_wconf 84' lang='lat' dir='ltr'>Et</span> <span class='ocrx_word' id='word_1_71' title='bbox 672 1529 934 1605; x_wconf 77' lang='lat' dir='ltr'>pertranseuntes</span> <span class='ocrx_word' id='word_1_72' title='bbox 954 1525 1055 1599; x_wconf 75' lang='lat' dir='ltr'>Napm</span> <span class='ocrx_word' id='word_1_73' title='bbox 1083 1520 1305 1584; x_wconf 86' lang='lat' dir='ltr'>festinauimus</span> <span class='ocrx_word' id='word_1_74' title='bbox 1333 1521 1367 1584; x_wconf 93' lang='lat' dir='ltr'>in</span> <span class='ocrx_word' id='word_1_75' title='bbox 1386 1517 1565 1599; x_wconf 86' lang='lat' dir='ltr'>Nazareth,</span> <span class='ocrx_word' id='word_1_76' title='bbox 1594 1517 1749 1581; x_wconf 88' lang='lat' dir='ltr'>tredecim</span> <span class='ocrx_word' id='word_1_77' title='bbox 1779 1518 1928 1583; x_wconf 90' lang='lat' dir='ltr'>miliaria.</span> <span class='ocrx_word' id='word_1_78' title='bbox 1971 1519 2015 1584; x_wconf 85' lang='lat' dir='ltr'>Et</span> <span class='ocrx_word' id='word_1_79' title='bbox 2034 1543 2144 1584; x_wconf 87' lang='lat' dir='ltr'>ascen·</span> <span class='ocrx_word' id='word_1_80' title='bbox 2162 1515 2194 1563; x_wconf 81' lang='lat'>38</span> 
     </span>
    </p>
   </div>
   <div class='ocr_carea' id='block_1_4' title="bbox 478 1581 2195 1721">
    <p class='ocr_par' dir='ltr' id='par_1_4' title="bbox 478 1581 2195 1721">
     <span class='ocr_line' id='line_1_9' title="bbox 478 1581 2195 1721; baseline -0.001 -22"><span class='ocrx_word' id='word_1_81' title='bbox 478 1634 590 1699; x_wconf 87' lang='lat' dir='ltr'>dentes</span> <span class='ocrx_word' id='word_1_82' title='bbox 608 1635 643 1697; x_wconf 93' lang='lat' dir='ltr'>in</span> <span class='ocrx_word' id='word_1_83' title='bbox 664 1643 801 1699; x_wconf 87' lang='lat' dir='ltr'>montem</span> <span class='ocrx_word' id='word_1_84' title='bbox 823 1636 970 1699; x_wconf 85' lang='lat' dir='ltr'>venimus</span> <span class='ocrx_word' id='word_1_85' title='bbox 993 1641 1164 1697; x_wconf 80' lang='lat' dir='ltr'>adscitum</span> <span class='ocrx_word' id='word_1_86' title='bbox 1184 1639 1321 1716; x_wconf 80' lang='lat' dir='ltr'>Domini,</span> <span class='ocrx_word' id='word_1_87' title='bbox 1355 1633 1418 1698; x_wconf 92' lang='lat' dir='ltr'>duo</span> <span class='ocrx_word' id='word_1_88' title='bbox 1440 1633 1598 1713; x_wconf 89' lang='lat' dir='ltr'>miliaria,</span> <span class='ocrx_word' id='word_1_89' title='bbox 1626 1632 1681 1696; x_wconf 90' lang='lat' dir='ltr'>vbi</span> <span class='ocrx_word' id='word_1_90' title='bbox 1702 1633 1793 1697; x_wconf 90' lang='lat' dir='ltr'>Iudei</span> <span class='ocrx_word' id='word_1_91' title='bbox 1815 1634 1985 1698; x_wconf 90' lang='lat' dir='ltr'>voluerunt</span> <span class='ocrx_word' id='word_1_92' title='bbox 2007 1637 2144 1721; x_wconf 85' lang='lat' dir='ltr'>precipi-</span> <span class='ocrx_word' id='word_1_93' title='bbox 2162 1581 2195 1630; x_wconf 68' lang='lat'>3⁹</span> 
     </span>
    </p>
   </div>
   <div class='ocr_carea' id='block_1_5' title="bbox 383 1747 2194 1836">
    <p class='ocr_par' dir='ltr' id='par_1_5' title="bbox 383 1747 2194 1836">
     <span class='ocr_line' id='line_1_10' title="bbox 383 1747 2194 1836; baseline -0.003 -20"><span class='ocrx_word' id='word_1_94' title='bbox 383 1767 386 1772; x_wconf 80' lang='grc'><em>’</em></span> <span class='ocrx_word' id='word_1_95' title='bbox 477 1760 548 1816; x_wconf 88' lang='lat' dir='ltr'>tare</span> <span class='ocrx_word' id='word_1_96' title='bbox 570 1750 753 1831; x_wconf 79' lang='lat' dir='ltr'>Christum,</span> <span class='ocrx_word' id='word_1_97' title='bbox 785 1772 857 1814; x_wconf 91' lang='lat' dir='ltr'>cum</span> <span class='ocrx_word' id='word_1_98' title='bbox 877 1752 1000 1834; x_wconf 91' lang='lat' dir='ltr'>incepit</span> <span class='ocrx_word' id='word_1_99' title='bbox 1028 1751 1074 1814; x_wconf 88' lang='lat' dir='ltr'>eis</span> <span class='ocrx_word' id='word_1_100' title='bbox 1095 1750 1202 1835; x_wconf 88' lang='lat' dir='ltr'>legere</span> <span class='ocrx_word' id='word_1_101' title='bbox 1224 1761 1256 1814; x_wconf 92' lang='lat' dir='ltr'>et</span> <span class='ocrx_word' id='word_1_102' title='bbox 1275 1748 1454 1836; x_wconf 90' lang='lat' dir='ltr'>predicare.</span> <span class='ocrx_word' id='word_1_103' title='bbox 1498 1747 1546 1811; x_wconf 91' lang='lat' dir='ltr'>lbi</span> <span class='ocrx_word' id='word_1_104' title='bbox 1577 1747 1713 1833; x_wconf 82' lang='lat' dir='ltr'>legimus</span> <span class='ocrx_word' id='word_1_105' title='bbox 1736 1759 1768 1812; x_wconf 90' lang='lat' dir='ltr'>et</span> <span class='ocrx_word' id='word_1_106' title='bbox 1788 1749 2027 1835; x_wconf 89' lang='lat' dir='ltr'>predicauimus</span> <span class='ocrx_word' id='word_1_107' title='bbox 2050 1773 2144 1814; x_wconf 90' lang='lat' dir='ltr'>euan·</span> <span class='ocrx_word' id='word_1_108' title='bbox 2162 1764 2194 1811; x_wconf 82' lang='grc'>11</span> 
     </span>
    </p>
   </div>
   <div class='ocr_carea' id='block_1_6' title="bbox 478 1864 2191 2066">
    <p class='ocr_par' dir='ltr' id='par_1_6' title="bbox 478 1864 2191 2066">
     <span class='ocr_line' id='line_1_11' title="bbox 478 1864 2191 1953; baseline -0.002 -22"><span class='ocrx_word' id='word_1_109' title='bbox 478 1866 606 1953; x_wconf 88' lang='lat' dir='ltr'>gelium.</span> <span class='ocrx_word' id='word_1_110' title='bbox 660 1864 885 1931; x_wconf 89' lang='lat' dir='ltr'>Ostendebant</span> <span class='ocrx_word' id='word_1_111' title='bbox 913 1882 1022 1928; x_wconf 93' lang='lat' dir='ltr'>autem</span> <span class='ocrx_word' id='word_1_112' title='bbox 1052 1865 1190 1949; x_wconf 89' lang='lat' dir='ltr'>quedam</span> <span class='ocrx_word' id='word_1_113' title='bbox 1221 1866 1360 1950; x_wconf 88' lang='lat' dir='ltr'>vestigia</span> <span class='ocrx_word' id='word_1_114' title='bbox 1386 1864 1507 1930; x_wconf 86' lang='lat' dir='ltr'>Christi</span> <span class='ocrx_word' id='word_1_115' title='bbox 1538 1864 1658 1951; x_wconf 89' lang='lat' dir='ltr'>pedum</span> <span class='ocrx_word' id='word_1_116' title='bbox 1685 1876 1717 1928; x_wconf 90' lang='lat' dir='ltr'>et</span> <span class='ocrx_word' id='word_1_117' title='bbox 1738 1865 1864 1928; x_wconf 91' lang='lat' dir='ltr'>itineris</span> <span class='ocrx_word' id='word_1_118' title='bbox 1891 1867 1925 1929; x_wconf 93' lang='lat' dir='ltr'>in</span> <span class='ocrx_word' id='word_1_119' title='bbox 1956 1888 2050 1947; x_wconf 86' lang='lat' dir='ltr'>saxo,</span> <span class='ocrx_word' id='word_1_120' title='bbox 2083 1889 2145 1953; x_wconf 91' lang='lat' dir='ltr'>que</span> <span class='ocrx_word' id='word_1_121' title='bbox 2162 1878 2191 1928; x_wconf 84' lang='lat'>41</span> 
     </span>
     <span class='ocr_line' id='line_1_12' title="bbox 479 1980 1177 2066; baseline -0.006 -18"><span class='ocrx_word' id='word_1_122' title='bbox 479 1981 632 2048; x_wconf 89' lang='lat' dir='ltr'>dicebant</span> <span class='ocrx_word' id='word_1_123' title='bbox 654 2004 724 2047; x_wconf 91' lang='lat' dir='ltr'>esse</span> <span class='ocrx_word' id='word_1_124' title='bbox 745 1983 884 2066; x_wconf 89' lang='lat' dir='ltr'>vestigia</span> <span class='ocrx_word' id='word_1_125' title='bbox 905 1980 1023 2066; x_wconf 91' lang='lat' dir='ltr'>pedum</span> <span class='ocrx_word' id='word_1_126' title='bbox 1048 1980 1177 2047; x_wconf 89' lang='lat' dir='ltr'>Christi.</span> 
     </span>
    </p>
   </div>
   <div class='ocr_carea' id='block_1_7' title="bbox 1101 2160 1523 2227">
    <p class='ocr_par' dir='ltr' id='par_1_7' title="bbox 1101 2160 1523 2227">
     <span class='ocr_line' id='line_1_13' title="bbox 1101 2160 1523 2227; baseline 0 0"><span class='ocrx_word' id='word_1_127' title='bbox 1101 2163 1142 2227; x_wconf 90' lang='grc' dir='ltr'>Π.</span> <span class='ocrx_word' id='word_1_128' title='bbox 1184 2162 1246 2226; x_wconf 84' lang='lat' dir='ltr'>DE</span> <span class='ocrx_word' id='word_1_129' title='bbox 1269 2160 1523 2227; x_wconf 83' lang='lat' dir='ltr'>NAZARETH.</span> 
     </span>
    </p>
   </div>
   <div class='ocr_carea' id='block_1_8' title="bbox 477 2300 2185 3781">
    <p class='ocr_par' dir='ltr' id='par_1_8' title="bbox 477 2300 2185 3440">
     <span class='ocr_line' id='line_1_14' title="bbox 602 2300 2180 2415; baseline 0.003 -39"><span class='ocrx_word' id='word_1_130' title='bbox 602 2311 683 2377; x_wconf 87' lang='lat' dir='ltr'>Inde</span> <span class='ocrx_word' id='word_1_131' title='bbox 711 2313 857 2376; x_wconf 88' lang='lat' dir='ltr'>venimus</span> <span class='ocrx_word' id='word_1_132' title='bbox 887 2315 920 2376; x_wconf 91' lang='lat' dir='ltr'>in</span> <span class='ocrx_word' id='word_1_133' title='bbox 941 2318 1105 2409; x_wconf 74' lang='lat' dir='ltr'>Nazareth.</span> <span class='ocrx_word' id='word_1_134' title='bbox 1146 2311 1190 2375; x_wconf 83' lang='lat' dir='ltr'>Et</span> <span class='ocrx_word' id='word_1_135' title='bbox 1216 2312 1397 2375; x_wconf 90' lang='lat' dir='ltr'>inuenimus</span> <span class='ocrx_word' id='word_1_136' title='bbox 1426 2333 1576 2395; x_wconf 89' lang='lat' dir='ltr'>magnam</span> <span class='ocrx_word' id='word_1_137' title='bbox 1606 2310 1790 2392; x_wconf 82' lang='lat' dir='ltr'>ecclesiam,</span> <span class='ocrx_word' id='word_1_138' title='bbox 1823 2312 1916 2396; x_wconf 89' lang='lat' dir='ltr'>quasi</span> <span class='ocrx_word' id='word_1_139' title='bbox 1938 2323 2039 2378; x_wconf 92' lang='lat' dir='ltr'>totam</span> <span class='ocrx_word' id='word_1_140' title='bbox 2061 2300 2180 2415; x_wconf 54' lang='lat' dir='ltr'>dira}</span> 
     </span>
     <span class='ocr_line' id='line_1_15' title="bbox 477 2425 2146 2513; baseline 0.003 -20"><span class='ocrx_word' id='word_1_141' title='bbox 477 2440 559 2510; x_wconf 84' lang='lat' dir='ltr'>tam,</span> <span class='ocrx_word' id='word_1_142' title='bbox 587 2436 619 2492; x_wconf 90' lang='lat' dir='ltr'>et</span> <span class='ocrx_word' id='word_1_143' title='bbox 646 2427 745 2491; x_wconf 83' lang='lat' dir='ltr'>nichil</span> <span class='ocrx_word' id='word_1_144' title='bbox 773 2438 844 2491; x_wconf 90' lang='lat' dir='ltr'>erat</span> <span class='ocrx_word' id='word_1_145' title='bbox 871 2428 917 2492; x_wconf 92' lang='lat' dir='ltr'>ibi</span> <span class='ocrx_word' id='word_1_146' title='bbox 944 2428 984 2491; x_wconf 92' lang='lat' dir='ltr'>de</span> <span class='ocrx_word' id='word_1_147' title='bbox 1012 2428 1126 2513; x_wconf 91' lang='lat' dir='ltr'>primis</span> <span class='ocrx_word' id='word_1_148' title='bbox 1155 2426 1289 2490; x_wconf 90' lang='lat' dir='ltr'>edificiis</span> <span class='ocrx_word' id='word_1_149' title='bbox 1316 2427 1379 2490; x_wconf 89' lang='lat' dir='ltr'>nisi</span> <span class='ocrx_word' id='word_1_150' title='bbox 1404 2425 1472 2489; x_wconf 89' lang='lat' dir='ltr'>sola</span> <span class='ocrx_word' id='word_1_151' title='bbox 1495 2425 1592 2506; x_wconf 88' lang='lat' dir='ltr'>colla,</span> <span class='ocrx_word' id='word_1_152' title='bbox 1620 2425 1675 2489; x_wconf 88' lang='lat' dir='ltr'>vbi</span> <span class='ocrx_word' id='word_1_153' title='bbox 1703 2427 1763 2490; x_wconf 85' lang='lat' dir='ltr'>fuit</span> <span class='ocrx_word' id='word_1_154' title='bbox 1784 2429 1979 2491; x_wconf 86' lang='lat' dir='ltr'>annunciata</span> <span class='ocrx_word' id='word_1_155' title='bbox 1999 2429 2146 2512; x_wconf 75' lang='lat' dir='ltr'>domina3</span> 
     </span>
     <span class='ocr_line' id='line_1_16' title="bbox 477 2541 2181 2629; baseline 0.001 -19"><span class='ocrx_word' id='word_1_156' title='bbox 477 2544 566 2610; x_wconf 84' lang='lat' dir='ltr'>illam</span> <span class='ocrx_word' id='word_1_157' title='bbox 593 2546 872 2629; x_wconf 89' lang='lat' dir='ltr'>superreseruauit</span> <span class='ocrx_word' id='word_1_158' title='bbox 893 2544 1053 2609; x_wconf 86' lang='lat' dir='ltr'>Dominus</span> <span class='ocrx_word' id='word_1_159' title='bbox 1081 2542 1124 2606; x_wconf 91' lang='lat' dir='ltr'>ad</span> <span class='ocrx_word' id='word_1_160' title='bbox 1153 2544 1341 2606; x_wconf 89' lang='lat' dir='ltr'>memoriam</span> <span class='ocrx_word' id='word_1_161' title='bbox 1370 2541 1559 2605; x_wconf 87' lang='lat' dir='ltr'>humilitatis</span> <span class='ocrx_word' id='word_1_162' title='bbox 1583 2552 1615 2604; x_wconf 92' lang='lat' dir='ltr'>ct</span> <span class='ocrx_word' id='word_1_163' title='bbox 1635 2545 1847 2628; x_wconf 88' lang='lat' dir='ltr'>paupertatis.</span> <span class='ocrx_word' id='word_1_164' title='bbox 1889 2542 1950 2607; x_wconf 85' lang='lat' dir='ltr'>Est</span> <span class='ocrx_word' id='word_1_165' title='bbox 1972 2556 2078 2610; x_wconf 90' lang='lat' dir='ltr'>autem</span> <span class='ocrx_word' id='word_1_166' title='bbox 2100 2548 2146 2612; x_wconf 91' lang='lat' dir='ltr'>ibi</span> <span class='ocrx_word' id='word_1_167' title='bbox 2166 2556 2181 2604; x_wconf 86' lang='lat'>3</span> 
     </span>
     <span class='ocr_line' id='line_1_17' title="bbox 478 2656 2147 2745; baseline 0.002 -20"><span class='ocrx_word' id='word_1_168' title='bbox 478 2661 581 2727; x_wconf 83' lang='lat' dir='ltr'>altare</span> <span class='ocrx_word' id='word_1_169' title='bbox 603 2660 731 2725; x_wconf 89' lang='lat' dir='ltr'>domine</span> <span class='ocrx_word' id='word_1_170' title='bbox 751 2662 784 2722; x_wconf 94' lang='lat' dir='ltr'>in</span> <span class='ocrx_word' id='word_1_171' title='bbox 805 2658 893 2740; x_wconf 92' lang='lat' dir='ltr'>loco,</span> <span class='ocrx_word' id='word_1_172' title='bbox 920 2658 977 2722; x_wconf 91' lang='lat' dir='ltr'>vbi</span> <span class='ocrx_word' id='word_1_173' title='bbox 999 2658 1112 2722; x_wconf 88' lang='lat' dir='ltr'>orabat</span> <span class='ocrx_word' id='word_1_174' title='bbox 1135 2657 1282 2738; x_wconf 89' lang='lat' dir='ltr'>domina,</span> <span class='ocrx_word' id='word_1_175' title='bbox 1312 2658 1440 2745; x_wconf 90' lang='lat' dir='ltr'>quando</span> <span class='ocrx_word' id='word_1_176' title='bbox 1469 2659 1586 2721; x_wconf 88' lang='lat' dir='ltr'>missus</span> <span class='ocrx_word' id='word_1_177' title='bbox 1616 2668 1665 2721; x_wconf 87' lang='lat' dir='ltr'>cst</span> <span class='ocrx_word' id='word_1_178' title='bbox 1687 2656 1821 2721; x_wconf 83' lang='lat' dir='ltr'>Gabriel</span> <span class='ocrx_word' id='word_1_179' title='bbox 1844 2657 1978 2744; x_wconf 88' lang='lat' dir='ltr'>angelus</span> <span class='ocrx_word' id='word_1_180' title='bbox 2001 2661 2044 2724; x_wconf 89' lang='lat' dir='ltr'>ad</span> <span class='ocrx_word' id='word_1_181' title='bbox 2066 2685 2147 2745; x_wconf 91' lang='lat' dir='ltr'>eam,</span> 
     </span>
     <span class='ocr_line' id='line_1_18' title="bbox 481 2771 2182 2860; baseline 0.002 -19"><span class='ocrx_word' id='word_1_182' title='bbox 481 2786 514 2842; x_wconf 90' lang='lat' dir='ltr'>et</span> <span class='ocrx_word' id='word_1_183' title='bbox 534 2775 638 2840; x_wconf 89' lang='lat' dir='ltr'>altare</span> <span class='ocrx_word' id='word_1_184' title='bbox 660 2774 846 2859; x_wconf 83' lang='lat' dir='ltr'>archangeli</span> <span class='ocrx_word' id='word_1_185' title='bbox 867 2774 1052 2855; x_wconf 87' lang='lat' dir='ltr'>Michaelis,</span> <span class='ocrx_word' id='word_1_186' title='bbox 1075 2773 1130 2837; x_wconf 94' lang='lat' dir='ltr'>vbi</span> <span class='ocrx_word' id='word_1_187' title='bbox 1152 2775 1239 2837; x_wconf 91' lang='lat' dir='ltr'>stetit</span> <span class='ocrx_word' id='word_1_188' title='bbox 1262 2771 1397 2837; x_wconf 86' lang='lat' dir='ltr'>Gabriel</span> <span class='ocrx_word' id='word_1_189' title='bbox 1418 2773 1627 2839; x_wconf 87' lang='lat' dir='ltr'>adnuncians.</span> <span class='ocrx_word' id='word_1_190' title='bbox 1669 2773 1714 2837; x_wconf 85' lang='lat' dir='ltr'>Et</span> <span class='ocrx_word' id='word_1_191' title='bbox 1735 2774 1769 2836; x_wconf 93' lang='lat' dir='ltr'>in</span> <span class='ocrx_word' id='word_1_192' title='bbox 1790 2783 1926 2860; x_wconf 89' lang='lat' dir='ltr'>vtroque</span> <span class='ocrx_word' id='word_1_193' title='bbox 1948 2775 2148 2843; x_wconf 87' lang='lat' dir='ltr'>celebrantes</span> <span class='ocrx_word' id='word_1_194' title='bbox 2167 2779 2182 2826; x_wconf 80' lang='lat'>⁴</span> 
     </span>
     <span class='ocr_line' id='line_1_19' title="bbox 481 2889 2149 2977; baseline 0.002 -21"><span class='ocrx_word' id='word_1_195' title='bbox 481 2893 599 2957; x_wconf 91' lang='lat' dir='ltr'>missas</span> <span class='ocrx_word' id='word_1_196' title='bbox 627 2902 659 2954; x_wconf 94' lang='lat' dir='ltr'>et</span> <span class='ocrx_word' id='word_1_197' title='bbox 693 2890 899 2977; x_wconf 88' lang='lat' dir='ltr'>predicantes</span> <span class='ocrx_word' id='word_1_198' title='bbox 929 2890 1062 2954; x_wconf 89' lang='lat' dir='ltr'>verbum</span> <span class='ocrx_word' id='word_1_199' title='bbox 1084 2890 1149 2954; x_wconf 92' lang='lat' dir='ltr'>Dei</span> <span class='ocrx_word' id='word_1_200' title='bbox 1182 2891 1388 2953; x_wconf 91' lang='lat' dir='ltr'>circuiuimus</span> <span class='ocrx_word' id='word_1_201' title='bbox 1416 2900 1445 2952; x_wconf 91' lang='lat' dir='ltr'>et</span> <span class='ocrx_word' id='word_1_202' title='bbox 1474 2889 1771 2975; x_wconf 84' lang='lat' dir='ltr'>perarnbulauimus</span> <span class='ocrx_word' id='word_1_203' title='bbox 1795 2891 1974 2973; x_wconf 88' lang='lat' dir='ltr'>ciuitatem,</span> <span class='ocrx_word' id='word_1_204' title='bbox 2007 2896 2149 2960; x_wconf 83' lang='lat' dir='ltr'>maxime</span> 
     </span>
     <span class='ocr_line' id='line_1_20' title="bbox 479 3004 2182 3093; baseline 0.001 -20"><span class='ocrx_word' id='word_1_205' title='bbox 479 3008 552 3074; x_wconf 88' lang='lat' dir='ltr'>loca</span> <span class='ocrx_word' id='word_1_206' title='bbox 572 3007 643 3089; x_wconf 89' lang='lat' dir='ltr'>illa,</span> <span class='ocrx_word' id='word_1_207' title='bbox 673 3029 734 3093; x_wconf 91' lang='lat' dir='ltr'>que</span> <span class='ocrx_word' id='word_1_208' title='bbox 763 3007 867 3087; x_wconf 84' lang='lat' dir='ltr'>inagis</span> <span class='ocrx_word' id='word_1_209' title='bbox 899 3004 1149 3092; x_wconf 87' lang='lat' dir='ltr'>frequentabant</span> <span class='ocrx_word' id='word_1_210' title='bbox 1177 3005 1307 3068; x_wconf 90' lang='lat' dir='ltr'>domina</span> <span class='ocrx_word' id='word_1_211' title='bbox 1335 3014 1367 3067; x_wconf 86' lang='lat' dir='ltr'>et</span> <span class='ocrx_word' id='word_1_212' title='bbox 1388 3028 1469 3090; x_wconf 85' lang='lat' dir='ltr'>puer</span> <span class='ocrx_word' id='word_1_213' title='bbox 1490 3006 1611 3069; x_wconf 89' lang='lat' dir='ltr'>lhesus.</span> <span class='ocrx_word' id='word_1_214' title='bbox 1653 3005 1838 3069; x_wconf 86' lang='lat' dir='ltr'>Inueninius</span> <span class='ocrx_word' id='word_1_215' title='bbox 1861 3017 1967 3069; x_wconf 89' lang='lat' dir='ltr'>autem</span> <span class='ocrx_word' id='word_1_216' title='bbox 1988 3007 2035 3071; x_wconf 90' lang='lat' dir='ltr'>ibi</span> <span class='ocrx_word' id='word_1_217' title='bbox 2058 3010 2182 3074; x_wconf 77' lang='lat' dir='ltr'>iuxta5</span> 
     </span>
     <span class='ocr_line' id='line_1_21' title="bbox 481 3118 2151 3208; baseline 0 -19"><span class='ocrx_word' id='word_1_218' title='bbox 481 3126 646 3189; x_wconf 87' lang='lat' dir='ltr'>ciuitatem</span> <span class='ocrx_word' id='word_1_219' title='bbox 667 3123 803 3202; x_wconf 87' lang='lat' dir='ltr'>fontem,</span> <span class='ocrx_word' id='word_1_220' title='bbox 831 3124 886 3208; x_wconf 92' lang='lat' dir='ltr'>qui</span> <span class='ocrx_word' id='word_1_221' title='bbox 907 3133 955 3185; x_wconf 89' lang='lat' dir='ltr'>est</span> <span class='ocrx_word' id='word_1_222' title='bbox 976 3121 1023 3184; x_wconf 90' lang='lat' dir='ltr'>ibi</span> <span class='ocrx_word' id='word_1_223' title='bbox 1045 3122 1077 3183; x_wconf 91' lang='lat' dir='ltr'>iu</span> <span class='ocrx_word' id='word_1_224' title='bbox 1097 3123 1240 3184; x_wconf 86' lang='lat' dir='ltr'>maxima</span> <span class='ocrx_word' id='word_1_225' title='bbox 1259 3122 1471 3184; x_wconf 89' lang='lat' dir='ltr'>veneracione</span> <span class='ocrx_word' id='word_1_226' title='bbox 1493 3142 1553 3206; x_wconf 93' lang='lat' dir='ltr'>pro</span> <span class='ocrx_word' id='word_1_227' title='bbox 1576 3142 1629 3194; x_wconf 89' lang='lat' dir='ltr'>eo,</span> <span class='ocrx_word' id='word_1_228' title='bbox 1651 3119 1737 3206; x_wconf 91' lang='lat' dir='ltr'>quod</span> <span class='ocrx_word' id='word_1_229' title='bbox 1760 3118 1890 3184; x_wconf 88' lang='lat' dir='ltr'>domina</span> <span class='ocrx_word' id='word_1_230' title='bbox 1911 3120 2085 3208; x_wconf 86' lang='lat' dir='ltr'>aliquando</span> <span class='ocrx_word' id='word_1_231' title='bbox 2108 3126 2151 3189; x_wconf 92' lang='lat' dir='ltr'>ad</span> 
     </span>
     <span class='ocr_line' id='line_1_22' title="bbox 480 3234 2185 3323; baseline -0.001 -18"><span class='ocrx_word' id='word_1_232' title='bbox 480 3241 601 3305; x_wconf 88' lang='lat' dir='ltr'>fontem</span> <span class='ocrx_word' id='word_1_233' title='bbox 632 3238 721 3302; x_wconf 93' lang='lat' dir='ltr'>illum</span> <span class='ocrx_word' id='word_1_234' title='bbox 740 3240 776 3314; x_wconf 69' lang='grc'>11)</span> <span class='ocrx_word' id='word_1_235' title='bbox 810 3248 842 3301; x_wconf 86' lang='grc'>91</span> <span class='ocrx_word' id='word_1_236' title='bbox 875 3259 955 3323; x_wconf 92' lang='lat' dir='ltr'>puer</span> <span class='ocrx_word' id='word_1_237' title='bbox 981 3235 1093 3299; x_wconf 90' lang='lat' dir='ltr'>lhesus</span> <span class='ocrx_word' id='word_1_238' title='bbox 1116 3239 1299 3319; x_wconf 70' lang='lat' dir='ltr'>frequenter</span> <span class='ocrx_word' id='word_1_239' title='bbox 1328 3234 1476 3321; x_wconf 85' lang='lat' dir='ltr'>portabat</span> <span class='ocrx_word' id='word_1_240' title='bbox 1509 3236 1583 3299; x_wconf 92' lang='lat' dir='ltr'>inde</span> <span class='ocrx_word' id='word_1_241' title='bbox 1613 3259 1729 3322; x_wconf 90' lang='lat' dir='ltr'>aquam</span> <span class='ocrx_word' id='word_1_242' title='bbox 1756 3238 1860 3300; x_wconf 89' lang='lat' dir='ltr'>matri.</span> <span class='ocrx_word' id='word_1_243' title='bbox 1903 3238 2025 3302; x_wconf 91' lang='lat' dir='ltr'>luimus</span> <span class='ocrx_word' id='word_1_244' title='bbox 2048 3239 2185 3304; x_wconf 76' lang='grc'>9919911</span> 
     </span>
     <span class='ocr_line' id='line_1_23' title="bbox 482 3349 1877 3440; baseline 0 -22"><span class='ocrx_word' id='word_1_245' title='bbox 482 3354 526 3418; x_wconf 91' lang='lat' dir='ltr'>ad</span> <span class='ocrx_word' id='word_1_246' title='bbox 548 3376 758 3440; x_wconf 89' lang='lat' dir='ltr'>synagogam,</span> <span class='ocrx_word' id='word_1_247' title='bbox 781 3354 814 3415; x_wconf 92' lang='lat' dir='ltr'>in</span> <span class='ocrx_word' id='word_1_248' title='bbox 836 3374 900 3437; x_wconf 88' lang='lat' dir='ltr'>qua</span> <span class='ocrx_word' id='word_1_249' title='bbox 920 3352 999 3437; x_wconf 89' lang='lat' dir='ltr'>legit</span> <span class='ocrx_word' id='word_1_250' title='bbox 1019 3352 1132 3416; x_wconf 82' lang='lat' dir='ltr'>ihesus</span> <span class='ocrx_word' id='word_1_251' title='bbox 1156 3352 1287 3415; x_wconf 91' lang='lat' dir='ltr'>Ysaiam</span> <span class='ocrx_word' id='word_1_252' title='bbox 1312 3349 1513 3436; x_wconf 86' lang='lat' dir='ltr'>prophetam,</span> <span class='ocrx_word' id='word_1_253' title='bbox 1535 3352 1669 3436; x_wconf 90' lang='lat' dir='ltr'>triginta</span> <span class='ocrx_word' id='word_1_254' title='bbox 1691 3351 1838 3417; x_wconf 85' lang='lat' dir='ltr'>miliaria.</span> <span class='ocrx_word' id='word_1_255' title='bbox 1875 3416 1877 3419; x_wconf 10' lang='grc' dir='ltr'><em>Α</em></span> 
     </span>
    </p>

    <p class='ocr_par' dir='ltr' id='par_1_9' title="bbox 483 3466 2183 3670">
     <span class='ocr_line' id='line_1_24' title="bbox 607 3466 2183 3556; baseline 0.001 -21"><span class='ocrx_word' id='word_1_256' title='bbox 607 3468 725 3535; x_wconf 89' lang='lat' dir='ltr'>Omnia</span> <span class='ocrx_word' id='word_1_257' title='bbox 754 3470 818 3532; x_wconf 88' lang='lat' dir='ltr'>ista</span> <span class='ocrx_word' id='word_1_258' title='bbox 846 3467 918 3533; x_wconf 90' lang='lat' dir='ltr'>loca</span> <span class='ocrx_word' id='word_1_259' title='bbox 941 3467 1065 3534; x_wconf 81' lang='lat' dir='ltr'>Galilee</span> <span class='ocrx_word' id='word_1_260' title='bbox 1088 3468 1127 3532; x_wconf 89' lang='lat' dir='ltr'>de</span> <span class='ocrx_word' id='word_1_261' title='bbox 1149 3469 1253 3554; x_wconf 92' lang='lat' dir='ltr'>primo</span> <span class='ocrx_word' id='word_1_262' title='bbox 1275 3490 1377 3553; x_wconf 90' lang='lat' dir='ltr'>vsque</span> <span class='ocrx_word' id='word_1_263' title='bbox 1406 3466 1448 3531; x_wconf 92' lang='lat' dir='ltr'>ad</span> <span class='ocrx_word' id='word_1_264' title='bbox 1471 3467 1616 3532; x_wconf 87' lang='lat' dir='ltr'>vltimum</span> <span class='ocrx_word' id='word_1_265' title='bbox 1636 3468 1817 3532; x_wconf 90' lang='lat' dir='ltr'>inuenimus</span> <span class='ocrx_word' id='word_1_266' title='bbox 1839 3472 1873 3533; x_wconf 91' lang='lat' dir='ltr'>in</span> <span class='ocrx_word' id='word_1_267' title='bbox 1895 3471 2098 3556; x_wconf 89' lang='lat' dir='ltr'>possessione</span> <span class='ocrx_word' id='word_1_268' title='bbox 2113 3475 2183 3549; x_wconf 74' lang='lat'>¹⁵)7</span> 
     </span>
     <span class='ocr_line' id='line_1_25' title="bbox 483 3584 1082 3670; baseline -0.005 -18"><span class='ocrx_word' id='word_1_269' title='bbox 483 3587 736 3652; x_wconf 76' lang='lat' dir='ltr'>sarracenorum</span> <span class='ocrx_word' id='word_1_270' title='bbox 759 3584 895 3670; x_wconf 88' lang='lat' dir='ltr'>pacifice</span> <span class='ocrx_word' id='word_1_271' title='bbox 916 3595 947 3648; x_wconf 91' lang='lat' dir='ltr'>et</span> <span class='ocrx_word' id='word_1_272' title='bbox 968 3586 1082 3670; x_wconf 89' lang='lat' dir='ltr'>quiete.</span> 
     </span>
    </p>

    <p class='ocr_par' dir='ltr' id='par_1_10' title="bbox 606 3689 2185 3781">
     <span class='ocr_line' id='line_1_26' title="bbox 606 3689 2185 3781; baseline 0.001 -15"><span class='ocrx_word' id='word_1_273' title='bbox 606 3703 659 3766; x_wconf 89' lang='lat' dir='ltr'>De</span> <span class='ocrx_word' id='word_1_274' title='bbox 690 3701 853 3765; x_wconf 84' lang='lat' dir='ltr'>Nazareth</span> <span class='ocrx_word' id='word_1_275' title='bbox 890 3702 1036 3765; x_wconf 88' lang='lat' dir='ltr'>venimus</span> <span class='ocrx_word' id='word_1_276' title='bbox 1068 3702 1101 3764; x_wconf 92' lang='lat' dir='ltr'>in</span> <span class='ocrx_word' id='word_1_277' title='bbox 1131 3700 1269 3760; x_wconf 80' lang='lat' dir='ltr'>Castrum</span> <span class='ocrx_word' id='word_1_278' title='bbox 1300 3703 1497 3781; x_wconf 84' lang='lat' dir='ltr'>Zafetaaum,</span> <span class='ocrx_word' id='word_1_279' title='bbox 1536 3700 1646 3764; x_wconf 88' lang='lat' dir='ltr'>docem</span> <span class='ocrx_word' id='word_1_280' title='bbox 1683 3699 1830 3764; x_wconf 91' lang='lat' dir='ltr'>miliaria.</span> <span class='ocrx_word' id='word_1_281' title='bbox 1893 3702 1945 3766; x_wconf 95' lang='lat' dir='ltr'>Ibi</span> <span class='ocrx_word' id='word_1_282' title='bbox 1980 3715 2074 3767; x_wconf 91' lang='lat' dir='ltr'>natus</span> <span class='ocrx_word' id='word_1_283' title='bbox 2104 3689 2185 3768; x_wconf 64' lang='grc' dir='ltr'>991ὅ</span> 
     </span>
    </p>
   </div>
   <div class='ocr_carea' id='block_1_9' title="bbox 490 3753 2204 3945">
    <p class='ocr_par' dir='ltr' id='par_1_11' title="bbox 490 3753 2204 3945">
     <span class='ocr_line' id='line_1_27' title="bbox 490 3753 2204 3945; baseline -0.004 -60"><span class='ocrx_word' id='word_1_284' title='bbox 490 3819 650 3885; x_wconf 88' lang='lat' dir='ltr'>Iohannes</span> <span class='ocrx_word' id='word_1_285' title='bbox 674 3816 873 3902; x_wconf 81' lang='lat' dir='ltr'>euangelista</span> <span class='ocrx_word' id='word_1_286' title='bbox 897 3830 927 3879; x_wconf 87' lang='grc'>91</span> <span class='ocrx_word' id='word_1_287' title='bbox 948 3814 1095 3896; x_wconf 88' lang='lat' dir='ltr'>lacobus,</span> <span class='ocrx_word' id='word_1_288' title='bbox 1116 3814 1174 3878; x_wconf 90' lang='lat' dir='ltr'>filii</span> <span class='ocrx_word' id='word_1_289' title='bbox 1195 3813 1346 3878; x_wconf 88' lang='lat' dir='ltr'>Zebedei.</span> <span class='ocrx_word' id='word_1_290' title='bbox 1387 3814 1439 3878; x_wconf 92' lang='lat' dir='ltr'>lbi</span> <span class='ocrx_word' id='word_1_291' title='bbox 1461 3815 1609 3880; x_wconf 87' lang='lat' dir='ltr'>habitant</span> <span class='ocrx_word' id='word_1_292' title='bbox 1629 3815 1813 3881; x_wconf 85' lang='lat' dir='ltr'>Christiani.</span> <span class='ocrx_word' id='word_1_293' title='bbox 2170 3753 2204 3945; x_wconf 50' lang='lat'>3⁰</span> 
     </span>
    </p>
   </div>
   <div class='ocr_carea' id='block_1_10' title="bbox 608 3929 2201 4012">
    <p class='ocr_par' dir='ltr' id='par_1_12' title="bbox 608 3929 2201 4012">
     <span class='ocr_line' id='line_1_28' title="bbox 608 3929 2201 4012; baseline -0.004 -14"><span class='ocrx_word' id='word_1_294' title='bbox 608 3933 687 3998; x_wconf 89' lang='lat' dir='ltr'>Indo</span> <span class='ocrx_word' id='word_1_295' title='bbox 710 3935 832 3995; x_wconf 87' lang='lat' dir='ltr'>reuersi</span> <span class='ocrx_word' id='word_1_296' title='bbox 854 3932 972 3995; x_wconf 86' lang='lat' dir='ltr'>fuimus</span> <span class='ocrx_word' id='word_1_297' title='bbox 994 3933 1027 3995; x_wconf 92' lang='lat' dir='ltr'>in</span> <span class='ocrx_word' id='word_1_298' title='bbox 1049 3930 1168 4010; x_wconf 89' lang='lat' dir='ltr'>Accon,</span> <span class='ocrx_word' id='word_1_299' title='bbox 1192 3931 1355 3993; x_wconf 89' lang='lat' dir='ltr'>ciuitatem</span> <span class='ocrx_word' id='word_1_300' title='bbox 1378 3929 1645 3994; x_wconf 88' lang='lat' dir='ltr'>Christianorum.</span> <span class='ocrx_word' id='word_1_301' title='bbox 2174 3963 2201 4012; x_wconf 86' lang='lat'>11</span> 
     </span>
    </p>
   </div>
   <div class='ocr_carea' id='block_1_11' title="bbox 734 4144 1905 4212">
    <p class='ocr_par' dir='ltr' id='par_1_13' title="bbox 734 4144 1905 4212">
     <span class='ocr_line' id='line_1_29' title="bbox 734 4144 1905 4212; baseline -0.003 0"><span class='ocrx_word' id='word_1_302' title='bbox 734 4148 790 4212; x_wconf 90' lang='grc' dir='ltr'>ΠΙ.</span> <span class='ocrx_word' id='word_1_303' title='bbox 832 4146 896 4211; x_wconf 85' lang='lat' dir='ltr'>DE</span> <span class='ocrx_word' id='word_1_304' title='bbox 917 4144 1068 4211; x_wconf 85' lang='lat' dir='ltr'>ACCON</span> <span class='ocrx_word' id='word_1_305' title='bbox 1087 4145 1146 4209; x_wconf 85' lang='grc' dir='ltr'>ΕΤ</span> <span class='ocrx_word' id='word_1_306' title='bbox 1170 4144 1312 4209; x_wconf 84' lang='lat' dir='ltr'>lUDEA</span> <span class='ocrx_word' id='word_1_307' title='bbox 1335 4145 1394 4208; x_wconf 85' lang='lat' dir='ltr'>ET</span> <span class='ocrx_word' id='word_1_308' title='bbox 1418 4145 1567 4208; x_wconf 83' lang='lat' dir='ltr'>TERRA</span> <span class='ocrx_word' id='word_1_309' title='bbox 1584 4144 1905 4210; x_wconf 80' lang='lat' dir='ltr'>PROMISSIONIS.</span> 
     </span>
    </p>
   </div>
   <div class='ocr_carea' id='block_1_12' title="bbox 486 4293 2194 5195">
    <p class='ocr_par' dir='ltr' id='par_1_14' title="bbox 486 4293 2194 5195">
     <span class='ocr_line' id='line_1_30' title="bbox 609 4293 2186 4377; baseline -0.001 -16"><span class='ocrx_word' id='word_1_310' title='bbox 609 4298 662 4361; x_wconf 89' lang='lat' dir='ltr'>Dc</span> <span class='ocrx_word' id='word_1_311' title='bbox 682 4296 793 4361; x_wconf 86' lang='lat' dir='ltr'>Accon</span> <span class='ocrx_word' id='word_1_312' title='bbox 822 4316 899 4358; x_wconf 90' lang='lat' dir='ltr'>vero</span> <span class='ocrx_word' id='word_1_313' title='bbox 926 4295 1114 4358; x_wconf 82' lang='lat' dir='ltr'>festinantes</span> <span class='ocrx_word' id='word_1_314' title='bbox 1146 4316 1258 4358; x_wconf 90' lang='lat' dir='ltr'>versus</span> <span class='ocrx_word' id='word_1_315' title='bbox 1284 4293 1481 4358; x_wconf 89' lang='lat' dir='ltr'>lherusalem</span> <span class='ocrx_word' id='word_1_316' title='bbox 1511 4295 1658 4357; x_wconf 90' lang='lat' dir='ltr'>venimus</span> <span class='ocrx_word' id='word_1_317' title='bbox 1685 4293 1728 4357; x_wconf 89' lang='lat' dir='ltr'>ad</span> <span class='ocrx_word' id='word_1_318' title='bbox 1758 4304 1931 4359; x_wconf 90' lang='lat' dir='ltr'>torrentem</span> <span class='ocrx_word' id='word_1_319' title='bbox 1956 4297 2067 4377; x_wconf 76' lang='lat' dir='ltr'>Cysoa,</span> <span class='ocrx_word' id='word_1_320' title='bbox 2098 4296 2186 4365; x_wconf 91' lang='lat' dir='ltr'>vbi1</span> 
     </span>
     <span class='ocr_line' id='line_1_31' title="bbox 487 4410 2156 4499; baseline -0.001 -20"><span class='ocrx_word' id='word_1_321' title='bbox 487 4414 606 4479; x_wconf 87' lang='lat' dir='ltr'>occidit</span> <span class='ocrx_word' id='word_1_322' title='bbox 633 4411 746 4476; x_wconf 90' lang='lat' dir='ltr'>Helias</span> <span class='ocrx_word' id='word_1_323' title='bbox 775 4434 833 4499; x_wconf 89' lang='lat' dir='ltr'>per</span> <span class='ocrx_word' id='word_1_324' title='bbox 863 4434 977 4475; x_wconf 86' lang='lat' dir='ltr'>manus</span> <span class='ocrx_word' id='word_1_325' title='bbox 1007 4412 1225 4474; x_wconf 89' lang='lat' dir='ltr'>ministrorum</span> <span class='ocrx_word' id='word_1_326' title='bbox 1256 4410 1455 4494; x_wconf 89' lang='lat' dir='ltr'>octingentos</span> <span class='ocrx_word' id='word_1_327' title='bbox 1485 4421 1516 4472; x_wconf 89' lang='lat' dir='ltr'>et</span> <span class='ocrx_word' id='word_1_328' title='bbox 1546 4410 1780 4495; x_wconf 86' lang='lat' dir='ltr'>quinquaginta</span> <span class='ocrx_word' id='word_1_329' title='bbox 1810 4410 1988 4496; x_wconf 87' lang='lat' dir='ltr'>prophetas</span> <span class='ocrx_word' id='word_1_330' title='bbox 2014 4411 2095 4476; x_wconf 88' lang='lat' dir='ltr'>Baal</span> <span class='ocrx_word' id='word_1_331' title='bbox 2125 4425 2156 4477; x_wconf 91' lang='lat' dir='ltr'>et</span> 
     </span>
     <span class='ocr_line' id='line_1_32' title="bbox 486 4523 2190 4611; baseline -0.001 -16"><span class='ocrx_word' id='word_1_332' title='bbox 486 4530 640 4595; x_wconf 91' lang='lat' dir='ltr'>lucorum.</span> <span class='ocrx_word' id='word_1_333' title='bbox 690 4528 793 4607; x_wconf 78' lang='lat' dir='ltr'>Quem</span> <span class='ocrx_word' id='word_1_334' title='bbox 823 4537 1027 4590; x_wconf 87' lang='lat' dir='ltr'>transeuntes</span> <span class='ocrx_word' id='word_1_335' title='bbox 1053 4527 1198 4589; x_wconf 88' lang='lat' dir='ltr'>venimus</span> <span class='ocrx_word' id='word_1_336' title='bbox 1228 4523 1271 4587; x_wconf 90' lang='lat' dir='ltr'>ad</span> <span class='ocrx_word' id='word_1_337' title='bbox 1304 4527 1425 4603; x_wconf 69' lang='lat' dir='ltr'>Causas</span> <span class='ocrx_word' id='word_1_338' title='bbox 1439 4527 1477 4602; x_wconf 68' lang='grc'>16)</span> <span class='ocrx_word' id='word_1_339' title='bbox 1505 4526 1682 4605; x_wconf 89' lang='lat' dir='ltr'>ciuitatem,</span> <span class='ocrx_word' id='word_1_340' title='bbox 1713 4534 1851 4611; x_wconf 89' lang='lat' dir='ltr'>quatuor</span> <span class='ocrx_word' id='word_1_341' title='bbox 1876 4525 2028 4608; x_wconf 91' lang='lat' dir='ltr'>miliaria,</span> <span class='ocrx_word' id='word_1_342' title='bbox 2065 4528 2190 4605; x_wconf 77' lang='lat' dir='ltr'>iuxta2</span> 
     </span>
     <span class='ocr_line' id='line_1_33' title="bbox 487 4639 2191 4730; baseline -0.001 -20"><span class='ocrx_word' id='word_1_343' title='bbox 487 4668 586 4711; x_wconf 89' lang='lat' dir='ltr'>mare.</span> <span class='ocrx_word' id='word_1_344' title='bbox 629 4644 673 4708; x_wconf 86' lang='lat' dir='ltr'>Et</span> <span class='ocrx_word' id='word_1_345' title='bbox 702 4642 777 4708; x_wconf 88' lang='lat' dir='ltr'>inde</span> <span class='ocrx_word' id='word_1_346' title='bbox 804 4645 949 4707; x_wconf 89' lang='lat' dir='ltr'>vonimus</span> <span class='ocrx_word' id='word_1_347' title='bbox 977 4641 1019 4706; x_wconf 91' lang='lat' dir='ltr'>ad</span> <span class='ocrx_word' id='word_1_348' title='bbox 1050 4640 1302 4728; x_wconf 90' lang='lat' dir='ltr'>pulcherrimum</span> <span class='ocrx_word' id='word_1_349' title='bbox 1329 4639 1536 4704; x_wconf 90' lang='lat' dir='ltr'>monticulum</span> <span class='ocrx_word' id='word_1_350' title='bbox 1565 4643 1710 4715; x_wconf 82' lang='lat' dir='ltr'>Carmeli,</span> <span class='ocrx_word' id='word_1_351' title='bbox 1741 4640 1797 4704; x_wconf 87' lang='lat' dir='ltr'>vbi</span> <span class='ocrx_word' id='word_1_352' title='bbox 1817 4640 1930 4705; x_wconf 89' lang='lat' dir='ltr'>Helias</span> <span class='ocrx_word' id='word_1_353' title='bbox 1958 4665 2191 4730; x_wconf 80' lang='lat' dir='ltr'>congregarc3</span> 
     </span>
     <span class='ocr_line' id='line_1_34' title="bbox 488 4753 2191 4840; baseline -0.002 -14"><span class='ocrx_word' id='word_1_354' title='bbox 488 4761 565 4826; x_wconf 88' lang='lat' dir='ltr'>fecit</span> <span class='ocrx_word' id='word_1_355' title='bbox 596 4759 833 4825; x_wconf 91' lang='lat' dir='ltr'>multitudinem</span> <span class='ocrx_word' id='word_1_356' title='bbox 855 4757 956 4821; x_wconf 89' lang='lat' dir='ltr'>Israel</span> <span class='ocrx_word' id='word_1_357' title='bbox 986 4769 1016 4821; x_wconf 90' lang='lat' dir='ltr'>et</span> <span class='ocrx_word' id='word_1_358' title='bbox 1044 4757 1183 4821; x_wconf 89' lang='lat' dir='ltr'>conuicit</span> <span class='ocrx_word' id='word_1_359' title='bbox 1213 4753 1398 4819; x_wconf 91' lang='lat' dir='ltr'>sacerdotes</span> <span class='ocrx_word' id='word_1_360' title='bbox 1427 4756 1517 4820; x_wconf 89' lang='lat' dir='ltr'>Baal.</span> <span class='ocrx_word' id='word_1_361' title='bbox 1559 4756 1638 4819; x_wconf 88' lang='lat' dir='ltr'>Inde</span> <span class='ocrx_word' id='word_1_362' title='bbox 1666 4758 1811 4821; x_wconf 89' lang='lat' dir='ltr'>venimus</span> <span class='ocrx_word' id='word_1_363' title='bbox 1842 4757 1884 4821; x_wconf 88' lang='lat' dir='ltr'>ad</span> <span class='ocrx_word' id='word_1_364' title='bbox 1908 4760 2046 4820; x_wconf 79' lang='lat' dir='ltr'>Castrum</span> <span class='ocrx_word' id='word_1_365' title='bbox 2069 4765 2191 4840; x_wconf 69' lang='lat' dir='ltr'>Pers-4</span> 
     </span>
     <span class='ocr_line' id='line_1_35' title="bbox 486 4869 2191 4962; baseline 0.001 -23"><span class='ocrx_word' id='word_1_366' title='bbox 486 4879 636 4959; x_wconf 68' lang='grc'><strong>9111117),</strong></span> <span class='ocrx_word' id='word_1_367' title='bbox 667 4876 755 4962; x_wconf 90' lang='lat' dir='ltr'>quod</span> <span class='ocrx_word' id='word_1_368' title='bbox 785 4888 833 4940; x_wconf 90' lang='lat' dir='ltr'>est</span> <span class='ocrx_word' id='word_1_369' title='bbox 860 4873 969 4938; x_wconf 91' lang='lat' dir='ltr'>nobile</span> <span class='ocrx_word' id='word_1_370' title='bbox 996 4883 1138 4937; x_wconf 90' lang='lat' dir='ltr'>castrum</span> <span class='ocrx_word' id='word_1_371' title='bbox 1166 4869 1411 4957; x_wconf 89' lang='lat' dir='ltr'>templariorum</span> <span class='ocrx_word' id='word_1_372' title='bbox 1437 4873 1529 4935; x_wconf 86' lang='lat' dir='ltr'>iuxta</span> <span class='ocrx_word' id='word_1_373' title='bbox 1558 4893 1655 4936; x_wconf 90' lang='lat' dir='ltr'>mare.</span> <span class='ocrx_word' id='word_1_374' title='bbox 1697 4872 1776 4937; x_wconf 89' lang='lat' dir='ltr'>lnde</span> <span class='ocrx_word' id='word_1_375' title='bbox 1804 4874 1921 4959; x_wconf 90' lang='lat' dir='ltr'>viginti</span> <span class='ocrx_word' id='word_1_376' title='bbox 1954 4873 2093 4939; x_wconf 89' lang='lat' dir='ltr'>miliaria</span> <span class='ocrx_word' id='word_1_377' title='bbox 2115 4876 2191 4954; x_wconf 59' lang='lat' dir='ltr'>adr,</span> 
     </span>
     <span class='ocr_line' id='line_1_36' title="bbox 489 4984 2193 5099; baseline -0.002 -42"><span class='ocrx_word' id='word_1_378' title='bbox 489 5001 629 5058; x_wconf 80' lang='grc'><strong>99911919</strong></span> <span class='ocrx_word' id='word_1_379' title='bbox 654 4994 814 5067; x_wconf 63' lang='grc'><strong>0991911).</strong></span> <span class='ocrx_word' id='word_1_380' title='bbox 856 4989 936 5054; x_wconf 89' lang='lat' dir='ltr'>lnde</span> <span class='ocrx_word' id='word_1_381' title='bbox 959 4988 1069 5053; x_wconf 90' lang='lat' dir='ltr'>decem</span> <span class='ocrx_word' id='word_1_382' title='bbox 1092 4999 1123 5053; x_wconf 92' lang='lat' dir='ltr'>et</span> <span class='ocrx_word' id='word_1_383' title='bbox 1151 4996 1222 5051; x_wconf 90' lang='lat' dir='ltr'>octo</span> <span class='ocrx_word' id='word_1_384' title='bbox 1246 4986 1389 5050; x_wconf 92' lang='lat' dir='ltr'>miliaria</span> <span class='ocrx_word' id='word_1_385' title='bbox 1415 4986 1458 5050; x_wconf 90' lang='lat' dir='ltr'>ad</span> <span class='ocrx_word' id='word_1_386' title='bbox 1479 5000 1614 5050; x_wconf 84' lang='lat' dir='ltr'>sumtum</span> <span class='ocrx_word' id='word_1_387' title='bbox 1638 4991 1794 5068; x_wconf 73' lang='lat' dir='ltr'>Csorqium</span> <span class='ocrx_word' id='word_1_388' title='bbox 1812 4990 1859 5066; x_wconf 75' lang='grc'>11).</span> <span class='ocrx_word' id='word_1_389' title='bbox 1902 4988 1982 5053; x_wconf 90' lang='lat' dir='ltr'>Inde</span> <span class='ocrx_word' id='word_1_390' title='bbox 2010 4991 2044 5053; x_wconf 92' lang='lat' dir='ltr'>in</span> <span class='ocrx_word' id='word_1_391' title='bbox 2064 4984 2193 5099; x_wconf 59' lang='lat' dir='ltr'>Baua-⁶7⁵</span> 
     </span>
     <span class='ocr_line' id='line_1_37' title="bbox 486 5101 2194 5195; baseline 0 -25"><span class='ocrx_word' id='word_1_392' title='bbox 486 5113 580 5189; x_wconf 80' lang='lat' dir='ltr'>polim</span> <span class='ocrx_word' id='word_1_393' title='bbox 593 5111 649 5191; x_wconf 72' lang='lat'>²⁰),</span> <span class='ocrx_word' id='word_1_394' title='bbox 678 5111 732 5195; x_wconf 92' lang='lat' dir='ltr'>qui</span> <span class='ocrx_word' id='word_1_395' title='bbox 763 5107 823 5170; x_wconf 83' lang='lat' dir='ltr'>fuit</span> <span class='ocrx_word' id='word_1_396' title='bbox 842 5104 968 5171; x_wconf 89' lang='lat' dir='ltr'>viculus</span> <span class='ocrx_word' id='word_1_397' title='bbox 997 5105 1210 5169; x_wconf 90' lang='lat' dir='ltr'>sacerdotum.</span> <span class='ocrx_word' id='word_1_398' title='bbox 1260 5101 1340 5167; x_wconf 93' lang='lat' dir='ltr'>Inde</span> <span class='ocrx_word' id='word_1_399' title='bbox 1368 5104 1513 5167; x_wconf 89' lang='lat' dir='ltr'>venimus</span> <span class='ocrx_word' id='word_1_400' title='bbox 1541 5104 1573 5166; x_wconf 91' lang='lat' dir='ltr'>in</span> <span class='ocrx_word' id='word_1_401' title='bbox 1594 5110 1747 5166; x_wconf 83' lang='lat' dir='ltr'>Ramatta</span> <span class='ocrx_word' id='word_1_402' title='bbox 1776 5106 1810 5167; x_wconf 94' lang='lat' dir='ltr'>in</span> <span class='ocrx_word' id='word_1_403' title='bbox 1836 5116 1976 5169; x_wconf 92' lang='lat' dir='ltr'>montem</span> <span class='ocrx_word' id='word_1_404' title='bbox 1999 5105 2194 5192; x_wconf 75' lang='lat' dir='ltr'>Effraym,3</span> 
     </span>
    </p>
   </div>
   <div class='ocr_carea' id='block_1_13' title="bbox 492 5218 2194 5309">
    <p class='ocr_par' dir='ltr' id='par_1_15' title="bbox 492 5218 2194 5309">
     <span class='ocr_line' id='line_1_38' title="bbox 492 5218 2194 5309; baseline -0.004 -21"><span class='ocrx_word' id='word_1_405' title='bbox 492 5227 548 5309; x_wconf 91' lang='lat' dir='ltr'>qui</span> <span class='ocrx_word' id='word_1_406' title='bbox 569 5234 618 5288; x_wconf 93' lang='lat' dir='ltr'>est</span> <span class='ocrx_word' id='word_1_407' title='bbox 637 5227 700 5288; x_wconf 88' lang='lat' dir='ltr'>tria</span> <span class='ocrx_word' id='word_1_408' title='bbox 722 5221 864 5287; x_wconf 88' lang='lat' dir='ltr'>miliaria</span> <span class='ocrx_word' id='word_1_409' title='bbox 885 5219 927 5284; x_wconf 96' lang='lat' dir='ltr'>ab</span> <span class='ocrx_word' id='word_1_410' title='bbox 948 5220 1156 5286; x_wconf 88' lang='lat' dir='ltr'>lherusalem.</span> <span class='ocrx_word' id='word_1_411' title='bbox 1199 5219 1242 5283; x_wconf 86' lang='lat' dir='ltr'>Et</span> <span class='ocrx_word' id='word_1_412' title='bbox 1263 5219 1467 5283; x_wconf 90' lang='lat' dir='ltr'>visitauimus</span> <span class='ocrx_word' id='word_1_413' title='bbox 1488 5218 1618 5284; x_wconf 88' lang='lat' dir='ltr'>domum</span> <span class='ocrx_word' id='word_1_414' title='bbox 1642 5218 1809 5284; x_wconf 84' lang='lat' dir='ltr'>Samuelis.</span> <span class='ocrx_word' id='word_1_415' title='bbox 2178 5242 2194 5290; x_wconf 79' lang='lat'><strong>9</strong></span> 
     </span>
    </p>
   </div>
   <div class='ocr_carea' id='block_1_14' title="bbox 554 5420 2163 5994">
    <p class='ocr_par' dir='ltr' id='par_1_16' title="bbox 554 5420 2162 5698">
     <span class='ocr_line' id='line_1_39' title="bbox 554 5420 2162 5498; baseline -0.004 -12"><span class='ocrx_word' id='word_1_416' title='bbox 554 5428 604 5498; x_wconf 84' lang='lat'>13)</span> <span class='ocrx_word' id='word_1_417' title='bbox 627 5424 702 5484; x_wconf 89' lang='lat' dir='ltr'>Cod.</span> <span class='ocrx_word' id='word_1_418' title='bbox 726 5423 762 5484; x_wconf 80' lang='lat' dir='ltr'>G.</span> <span class='ocrx_word' id='word_1_419' title='bbox 785 5423 961 5483; x_wconf 87' lang='lat' dir='ltr'>deriuantes.</span> <span class='ocrx_word' id='word_1_420' title='bbox 1412 5428 1460 5494; x_wconf 88' lang='grc'>19)</span> <span class='ocrx_word' id='word_1_421' title='bbox 1482 5423 1623 5480; x_wconf 74' lang='lat' dir='ltr'>Sam-tum</span> <span class='ocrx_word' id='word_1_422' title='bbox 1653 5420 1821 5496; x_wconf 67' lang='lat' dir='ltr'>Georgium]</span> <span class='ocrx_word' id='word_1_423' title='bbox 1857 5421 1995 5481; x_wconf 84' lang='lat' dir='ltr'>Fortasse</span> <span class='ocrx_word' id='word_1_424' title='bbox 2022 5422 2162 5481; x_wconf 86' lang='lat' dir='ltr'>Ricoldus</span> 
     </span>
     <span class='ocr_line' id='line_1_40' title="bbox 556 5517 2162 5602; baseline -0.001 -20"><span class='ocrx_word' id='word_1_425' title='bbox 556 5528 604 5598; x_wconf 83' lang='grc'>14)</span> <span class='ocrx_word' id='word_1_426' title='bbox 626 5524 765 5583; x_wconf 85' lang='lat' dir='ltr'>Fortasse</span> <span class='ocrx_word' id='word_1_427' title='bbox 785 5520 982 5602; x_wconf 87' lang='lat' dir='ltr'>supplendum</span> <span class='ocrx_word' id='word_1_428' title='bbox 1004 5529 1048 5580; x_wconf 88' lang='lat' dir='ltr'>est</span> <span class='ocrx_word' id='word_1_429' title='bbox 1072 5522 1186 5577; x_wconf 87' lang='lat' dir='ltr'>lauum&#39;t</span> <span class='ocrx_word' id='word_1_430' title='bbox 1196 5519 1304 5598; x_wconf 79' lang='lat' dir='ltr'>fllium.</span> <span class='ocrx_word' id='word_1_431' title='bbox 1348 5519 1418 5578; x_wconf 90' lang='lat' dir='ltr'>dicit</span> <span class='ocrx_word' id='word_1_432' title='bbox 1439 5519 1584 5598; x_wconf 82' lang='lat' dir='ltr'>Lyddam.</span> <span class='ocrx_word' id='word_1_433' title='bbox 1628 5517 1676 5579; x_wconf 88' lang='lat' dir='ltr'>Cf.</span> <span class='ocrx_word' id='word_1_434' title='bbox 1698 5518 1898 5578; x_wconf 88' lang='lat' dir='ltr'>Bmchardum</span> <span class='ocrx_word' id='word_1_435' title='bbox 1920 5519 1957 5579; x_wconf 91' lang='lat' dir='ltr'>de</span> <span class='ocrx_word' id='word_1_436' title='bbox 1971 5520 2073 5580; x_wconf 86' lang='lat' dir='ltr'>Monte</span> <span class='ocrx_word' id='word_1_437' title='bbox 2090 5518 2162 5580; x_wconf 84' lang='lat' dir='ltr'>Sion</span> 
     </span>
     <span class='ocr_line' id='line_1_41' title="bbox 557 5618 1880 5698; baseline -0.003 -16"><span class='ocrx_word' id='word_1_438' title='bbox 557 5625 604 5696; x_wconf 84' lang='lat'>15)</span> <span class='ocrx_word' id='word_1_439' title='bbox 624 5622 838 5698; x_wconf 82' lang='lat' dir='ltr'>possessionem</span> <span class='ocrx_word' id='word_1_440' title='bbox 860 5618 897 5679; x_wconf 80' lang='lat' dir='ltr'>G.</span> <span class='ocrx_word' id='word_1_441' title='bbox 1347 5618 1384 5679; x_wconf 90' lang='lat' dir='ltr'>V.</span> <span class='ocrx_word' id='word_1_442' title='bbox 1408 5623 1435 5690; x_wconf 81' lang='lat'>2,</span> <span class='ocrx_word' id='word_1_443' title='bbox 1457 5628 1486 5677; x_wconf 90' lang='lat' dir='ltr'>et</span> <span class='ocrx_word' id='word_1_444' title='bbox 1508 5638 1583 5698; x_wconf 90' lang='lat' dir='ltr'>quae</span> <span class='ocrx_word' id='word_1_445' title='bbox 1605 5618 1645 5677; x_wconf 93' lang='lat' dir='ltr'>ibi</span> <span class='ocrx_word' id='word_1_446' title='bbox 1667 5619 1880 5678; x_wconf 85' lang='lat' dir='ltr'>annotavimus.</span> 
     </span>
    </p>

    <p class='ocr_par' dir='ltr' id='par_1_17' title="bbox 554 5716 2163 5994">
     <span class='ocr_line' id='line_1_42' title="bbox 556 5716 2163 5797; baseline -0.001 -16"><span class='ocrx_word' id='word_1_447' title='bbox 556 5725 606 5795; x_wconf 91' lang='grc'>16)</span> <span class='ocrx_word' id='word_1_448' title='bbox 632 5721 740 5797; x_wconf 74' lang='lat' dir='ltr'>Capsa]</span> <span class='ocrx_word' id='word_1_449' title='bbox 762 5739 841 5780; x_wconf 90' lang='lat' dir='ltr'>nunc</span> <span class='ocrx_word' id='word_1_450' title='bbox 861 5719 967 5790; x_wconf 82' lang='lat' dir='ltr'>Haila,</span> <span class='ocrx_word' id='word_1_451' title='bbox 989 5717 1058 5776; x_wconf 91' lang='lat' dir='ltr'>olim</span> <span class='ocrx_word' id='word_1_452' title='bbox 1082 5717 1200 5797; x_wconf 90' lang='lat' dir='ltr'>Hepha.</span> <span class='ocrx_word' id='word_1_453' title='bbox 1407 5720 1458 5790; x_wconf 79' lang='lat'>20)</span> <span class='ocrx_word' id='word_1_454' title='bbox 1480 5717 1661 5793; x_wconf 81' lang='lat' dir='ltr'>Benopolim]</span> <span class='ocrx_word' id='word_1_455' title='bbox 1694 5716 1784 5776; x_wconf 88' lang='lat' dir='ltr'>Haud</span> <span class='ocrx_word' id='word_1_456' title='bbox 1812 5719 1871 5777; x_wconf 88' lang='lat' dir='ltr'>scio</span> <span class='ocrx_word' id='word_1_457' title='bbox 1903 5737 1941 5775; x_wconf 87' lang='lat' dir='ltr'>an</span> <span class='ocrx_word' id='word_1_458' title='bbox 1969 5738 2028 5777; x_wconf 92' lang='lat' dir='ltr'>non</span> <span class='ocrx_word' id='word_1_459' title='bbox 2058 5719 2095 5777; x_wconf 90' lang='lat' dir='ltr'>sit</span> <span class='ocrx_word' id='word_1_460' title='bbox 2121 5740 2163 5779; x_wconf 90' lang='lat' dir='ltr'>re·</span> 
     </span>
     <span class='ocr_line' id='line_1_43' title="bbox 554 5816 2163 5895; baseline 0 -15"><span class='ocrx_word' id='word_1_461' title='bbox 554 5826 604 5895; x_wconf 87' lang='grc'>17)</span> <span class='ocrx_word' id='word_1_462' title='bbox 628 5819 765 5878; x_wconf 80' lang='lat' dir='ltr'>Castrum</span> <span class='ocrx_word' id='word_1_463' title='bbox 788 5818 953 5895; x_wconf 72' lang='lat' dir='ltr'>Peregrini]</span> <span class='ocrx_word' id='word_1_464' title='bbox 976 5837 1053 5875; x_wconf 90' lang='lat' dir='ltr'>nunc</span> <span class='ocrx_word' id='word_1_465' title='bbox 1075 5816 1180 5876; x_wconf 86' lang='lat' dir='ltr'>Athlit.</span> <span class='ocrx_word' id='word_1_466' title='bbox 1349 5838 1417 5877; x_wconf 89' lang='lat' dir='ltr'>cens</span> <span class='ocrx_word' id='word_1_467' title='bbox 1447 5819 1514 5874; x_wconf 74' lang='lat' dir='ltr'>Bait</span> <span class='ocrx_word' id='word_1_468' title='bbox 1547 5817 1650 5891; x_wconf 81' lang='lat' dir='ltr'>Nota,</span> <span class='ocrx_word' id='word_1_469' title='bbox 1690 5816 1956 5893; x_wconf 87' lang='lat' dir='ltr'>crucesignatorum</span> <span class='ocrx_word' id='word_1_470' title='bbox 1983 5818 2163 5880; x_wconf 78' lang='lat' dir='ltr'>Betteuuble.</span> 
     </span>
     <span class='ocr_line' id='line_1_44' title="bbox 557 5914 1796 5994; baseline -0.006 -13"><span class='ocrx_word' id='word_1_471' title='bbox 557 5924 604 5994; x_wconf 84' lang='lat'>18)</span> <span class='ocrx_word' id='word_1_472' title='bbox 625 5919 731 5994; x_wconf 72' lang='lat' dir='ltr'>Caelio]</span> <span class='ocrx_word' id='word_1_473' title='bbox 746 5916 954 5978; x_wconf 88' lang='lat' dir='ltr'>nuncKakun.</span> <span class='ocrx_word' id='word_1_474' title='bbox 978 5914 1304 5977; x_wconf 81' lang='lat' dir='ltr'>Cf.RitterXVl.714.</span> <span class='ocrx_word' id='word_1_475' title='bbox 1350 5914 1395 5975; x_wconf 83' lang='lat' dir='ltr'>cf.</span> <span class='ocrx_word' id='word_1_476' title='bbox 1417 5915 1511 5974; x_wconf 84' lang='lat' dir='ltr'>Ritter</span> <span class='ocrx_word' id='word_1_477' title='bbox 1531 5914 1616 5974; x_wconf 86' lang='lat' dir='ltr'>XVI.</span> <span class='ocrx_word' id='word_1_478' title='bbox 1640 5920 1707 5975; x_wconf 76' lang='lat'>543.</span> <span class='ocrx_word' id='word_1_479' title='bbox 1730 5921 1796 5974; x_wconf 77' lang='lat'>544.</span> 
     </span>
    </p>
   </div>
   <div class='ocr_carea' id='block_1_15' title="bbox 1908 6028 1955 6078">
    <p class='ocr_par' dir='ltr' id='par_1_18' title="bbox 1908 6028 1955 6078">
     <span class='ocr_line' id='line_1_45' title="bbox 1908 6028 1955 6078; baseline 0.021 -1"><span class='ocrx_word' id='word_1_480' title='bbox 1908 6028 1955 6078; x_wconf 78' lang='lat' dir='ltr'><em>w</em></span> 
     </span>
    </p>
   </div>
   <div class='ocr_carea' id='block_1_16' title="bbox 0 0 2687 6964">
    <p class='ocr_par' dir='ltr' id='par_1_19' title="bbox 0 0 2687 6964">
     <span class='ocr_line' id='line_1_46' title="bbox 0 0 2687 6964; baseline 0 0"><span class='ocrx_word' id='word_1_481' title='bbox 0 0 2687 6964; x_wconf 95' lang='lat' dir='ltr'> </span> 
     </span>
    </p>
   </div>
  </div>
 </body>
</html>
