5334 6975
1290 676 1330 735 79

476 855 578 918 iacuit
598 851 762 933 Christus,
799 852 913 917 relicta
938 865 986 917 est
1013 852 1111 917 nuda.
1156 852 1227 932 Que
1253 852 1326 918 loca
1356 852 1468 917 fideles
1498 852 1706 918 deuotissime
1739 852 1936 917 osculantur.
1978 851 2050 937 Ego
2082 853 2155 916 steti

477 980 572 1036 noete
593 990 658 1032 una
681 969 716 1031 in
737 967 801 1054 hijs
824 966 949 1033 duobus
972 968 1068 1051 locis,
1089 970 1306 1050 nunciatum,
1334 989 1421 1032 nunc
1441 966 1530 1030 illum
1553 966 1738 1032 osculando.
1779 968 1852 1032 Non
1874 967 1942 1031 uidi
1963 989 2023 1031 nee
2044 966 2155 1031 audiui

477 1085 636 1172 aliquem,
668 1085 724 1169 qui
751 1082 873 1147 dixerit
898 1107 932 1149 se
953 1085 1076 1149 uidisse
1108 1084 1278 1148 ecclesiam
1299 1094 1365 1148 tam
1388 1083 1540 1148 deuotam
1560 1091 1628 1147 tote
1653 1081 1731 1147 orbe
1752 1093 1923 1147 terrarum.
1967 1082 2049 1147 Sunt
2070 1084 2155 1147 enim

476 1202 511 1266 in
532 1222 571 1265 ea
592 1198 764 1284 columpne
789 1220 967 1265 marmoree
986 1224 1045 1288 per
1067 1211 1206 1287 quatuor
1235 1199 1366 1263 ordines
1388 1198 1544 1284 disposite
1572 1197 1774 1263 nobilissime
1794 1222 1859 1263 non
1887 1198 1991 1263 solum
2012 1198 2154 1263 multitu·

476 1316 570 1398 dine,
600 1314 657 1380 sed
679 1314 902 1400 magnitudino
924 1316 1090 1402 stupende.
1132 1316 1287 1380 Preterea
1307 1316 1402 1379 nauis
1424 1316 1498 1400 ipsa
1526 1314 1660 1379 ecclesie
1683 1313 1822 1400 desuper
1844 1314 2032 1400 columpnas
2054 1336 2155 1400 usque

478 1432 522 1496 ad
543 1430 653 1495 trabes
676 1430 764 1494 facta
786 1441 838 1495 est
859 1430 898 1494 (16
921 1455 1019 1518 opere
1040 1433 1167 1495 musiuo
1188 1429 1406 1517 pulcherrimo
1429 1442 1460 1494 et
1481 1429 1681 1495 nobilissimo
1706 1430 1787 1509 [de⁸)
1807 1430 1954 1495 omnibus
1970 1431 2113 1496 historiis
2135 1452 2155 1494 a

478 1549 642 1612 creatione
661 1544 775 1609 mundi
796 1568 897 1632 usque
920 1547 963 1611 ad
985 1546 1160 1611 aduentum
1182 1546 1317 1610 Domini
1340 1545 1383 1610 ad
1405 1545 1568 1625 iudicium]
1581 1547 1648 1623 561).
1692 1546 1810 1610 Totum
1837 1548 1969 1631 insuper
1989 1548 2155 1631 pauimen-

479 1674 548 1727 tum
570 1660 704 1725 ecclesie
727 1671 862 1725 stratum
885 1673 934 1727 est
955 1685 1115 1727 marmore
1138 1661 1339 1727 diuersorum
1362 1660 1513 1744 colorum,
1534 1662 1623 1749 quod
1644 1664 1772 1748 pictura
1790 1661 1922 1727 decorat
1944 1662 1984 1726 (16
2006 1660 2155 1726 omnibus

478 1778 622 1844 historiis
645 1799 665 1841 a
685 1778 849 1841 creatione
876 1778 988 1843 mundi
1009 1801 1111 1863 usque
1134 1777 1177 1841 ad
1198 1777 1375 1842 aduentum
1393 1776 1527 1841 Domini
1549 1778 1788 1859 adjudicium,
1816 1783 1985 1863 quarumb)
2010 1778 2154 1863 precium

480 1892 658 1958 seeundum
694 1892 878 1977 opinionem
905 1893 1078 1958 multorum
1107 1916 1172 1958 non
1203 1902 1310 1979 potest
1338 1895 1492 1957 estimari.
1546 1893 1756 1959 Incredibilia
1785 1893 1923 1979 quedam
1952 1904 2084 1979 possent
2116 1893 2155 1957 de

480 2029 578 2094 opere
600 2007 695 2071 huius
728 2007 862 2072 ecclesie
893 2008 1002 2073 scribi.
1045 2008 1221 2073 Sarraceni
1251 2007 1380 2094 quidem
1403 2031 1513 2073 omncs
1536 2009 1690 2073 ecclesias
1713 2008 1807 2073 beate
1826 2010 1963 2093 uirginis
1986 2009 2156 2091 honorant,

481 2122 539 2188 sed
564 2123 720 2209 precipue
747 2125 852 2189 istam.
897 2125 974 2188 Uidi
1003 2147 1063 2210 ego
1090 2128 1124 2189 in
1145 2123 1281 2189 eeclesia
1306 2127 1370 2188 ista
1390 2125 1579 2189 miraculum
1602 2124 1786 2210 gloriosum.
1830 2124 2010 2206 SoldanuS,
2042 2124 2156 2189 uidens

480 2239 515 2303 in
537 2236 674 2302 ecelesia
695 2237 751 2302 illa
775 2250 924 2305 ornatum
948 2251 980 2305 et
1001 2240 1129 2304 tabulas
1149 2252 1180 2303 et
1201 2240 1392 2325 columpnas
1414 2263 1523 2306 omnes
1544 2242 1710 2327 preciosas
1731 2239 1847 2321 ualde,
1877 2242 2026 2326 precepit
2047 2242 2156 2305 omnia

482 2352 601 2439 deponi
624 2366 656 2417 et
677 2357 802 2440 portari
821 2358 854 2419 in
875 2356 1104 2442 Babyloniam,
1126 2356 1236 2421 uolens
1258 2355 1334 2419 inde
1356 2354 1519 2442 palacium
1543 2380 1633 2420 suum
1656 2356 1817 2420 edificare.
1860 2356 1946 2420 Mira
1968 2358 2036 2420 res!
2057 2357 2157 2421 artifi-

481 2468 573 2533 cibus
596 2491 668 2533 cum
689 2472 911 2536 instrumentis
931 2471 1159 2536 accedentibus
1180 2476 1251 2559 ipso
1273 2471 1380 2536 adhue
1403 2483 1529 2536 astante
1543 2471 1684 2536 Soldano
1707 2493 1780 2535 eum
1799 2472 1909 2536 multis
1926 2471 1999 2537 aliis
2018 2472 2057 2536 de
2077 2495 2156 2536 sano

481 2595 513 2648 et
533 2588 659 2669 integro
681 2587 815 2672 pariete,
837 2610 932 2671 quem
953 2611 1013 2652 nec
1037 2610 1115 2652 acus
1139 2587 1311 2652 uidebatur
1331 2597 1524 2671 penetrare,
1546 2610 1678 2674 serpens
1700 2588 1780 2651 mire
1801 2588 2033 2672 magnitudinis
2057 2589 2157 2651 exiuit

483 2702 651 2786 primoque
670 2702 790 2783 tabule,
812 2725 873 2789 que
894 2705 1054 2782 occurrit,
1083 2726 1225 2767 morsum
1246 2703 1343 2767 dedit.
1388 2704 1515 2768 Tabula
1535 2727 1593 2790 per
1615 2716 1836 2768 transuersum
1859 2707 1994 2789 crepuit.
2038 2706 2157 2769 Secun-

482 2815 557 2879 dam
579 2815 661 2879 adiit
680 2820 877 2902 tereiamque
901 2830 932 2882 et
952 2828 1101 2906 quartam
1124 2831 1157 2885 et
1177 2820 1329 2905 deinceps
1350 2843 1452 2905 usque
1474 2820 1516 2883 ad
1539 2822 1752 2900 tricesimam,
1783 2820 1882 2883 etita
1904 2819 2052 2884 omnibus
2073 2821 2156 2884 acei-

482 2930 538 2995 dit.
581 2931 741 2996 Omnibus
765 2934 969 3019 stupentibus
993 2937 1117 3020 etipse
1141 2934 1283 3000 Soldano
1305 2936 1456 3000 continuo
1478 2937 1680 3021 propositum
1701 2943 1905 3012 reuocantec)
1937 2958 2071 3022 serpens
2094 2935 2156 2999 dis·

480 3049 597 3132 paruit.
647 3047 814 3113 Remansit
845 3052 944 3135 igitur
973 3049 1110 3114 ecelesia
1139 3061 1170 3114 ct
1199 3062 1344 3115 remanet
1371 3074 1471 3135 usque
1500 3050 1595 3115 hodie
1625 3052 1708 3114 sicut
1735 3052 1843 3135 prius3
1878 3054 2019 3138 uestigia
2049 3065 2157 3117 tamen

483 3164 628 3249 eorporis
656 3167 814 3251 serpentis
844 3171 1036 3251 apparenti)
1066 3188 1167 3250 usque
1194 3166 1291 3231 hodie
1313 3169 1416 3231 eciam
1440 3166 1574 3251 singulis
1596 3165 1733 3247 tabulis,
1766 3189 1846 3252 quas
1869 3171 2037 3249 trausiuit,
2066 3170 2158 3255 quasi

488 3277 667 3343 combustio
700 3281 837 3367 quedam
864 3283 938 3365 igne
967 3283 1060 3345 facta.
1101 3281 1146 3345 Et
1173 3305 1270 3368 super
1297 3284 1405 3347 omnia
1426 3281 1574 3346 mirabile
1594 3281 1737 3362 uidetur,
1767 3283 1928 3366 quomodo
1951 3283 2159 3369 serpensille

484 3395 662 3480 procedere
683 3398 786 3482 potuit
808 3420 866 3484 per
886 3410 1108 3461 transuersum
1128 3400 1162 3461 in
1184 3400 1318 3484 pariete,
1341 3398 1396 3482 qui
1419 3408 1489 3461 erat
1507 3397 1623 3484 planus
1641 3408 1673 3462 et
1686 3396 1907 3483 politissimus,
1929 3401 2011 3463 sicut
2030 3402 2158 3464 nitrum.

612 3511 649 3575 ln
672 3515 761 3577 exitu
779 3513 874 3577 huius
896 3512 1029 3577 ecclesie
1052 3526 1164 3578 contra
1186 3514 1368 3602 aquilonem
1390 3529 1439 3578 est
1461 3514 1601 3580 ambitus
1624 3514 1756 3580 claustri
1776 3517 2018 3599 monachorum,
2041 3518 2075 3580 in
2095 3539 2157 3604 quo

484 3638 533 3692 est
554 3634 629 3689 66116
653 3632 730 3691 beati
748 3630 960 3702 leronimi⁵⁶⁶)
990 3640 1021 3694 et
1041 3629 1143 3694 lectus
1165 3635 1233 3695 eius
1256 3642 1288 3695 et
1309 3631 1492 3718 sepulcrum
1516 3643 1547 3694 et
1567 3630 1693 3696 officine
1716 3631 1863 3715 claustri,
1893 3633 1926 3696 in
1954 3656 2016 3720 quo
2040 3631 2158 3719 legitur

482 3741 596 3808 beatus
616 3744 795 3808 leronimus
818 3746 984 3830 prefuisse.
1026 3746 1064 3810 ln
1085 3746 1218 3810 australi
1239 3758 1333 3833 parte
1354 3747 1444 3811 chori
1466 3746 1646 3811 ostenditur
1667 3747 1768 3829 loeus,
1791 3747 1846 3812 ubi
1867 3771 1987 3834 magna
2012 3770 2089 3835 pars
2110 3751 2158 3813 in·

481 3862 693 3937 nocentiuma)
716 3860 833 3924 dicitur
854 3861 1024 3926 interfecta
1045 3872 1077 3926 et
1098 3861 1219 3926 ibidem
1241 3863 1378 3948 sepulta.

605 3976 657 4039 De
679 3975 815 4040 eeclesia
836 3979 900 4040 ista
922 3988 1076 4064 quantum
1097 3989 1146 4042 est
1168 3980 1272 4042 iactus
1293 3978 1413 4065 lapidis
1434 3979 1501 4042 l'cre
1523 3989 1637 4042 contra
1659 3979 1813 4042 orientem
1836 3989 1883 4042 est
1912 3984 2034 4040 ecclesia
2055 3992 2157 4042 sancte

483 4095 579 4154 Paule
601 4105 628 4153 61
648 4092 879 4167 116616616591).
922 4092 987 4157 Ubi
1009 4095 1111 4157 eciam
1134 4104 1207 4157 sunt
1230 4093 1380 4179 sepulcra
1402 4093 1584 4157 earundem.

606 4207 658 4270 De
679 4207 867 4272 Bethlehem
896 4207 938 4271 ad
957 4208 1126 4272 dimidiam
1154 4207 1280 4272 leucam
1307 4219 1420 4272 contra
1443 4208 1642 4272 occidentem
1665 4222 1714 4272 est
1734 4208 1811 4272 uilla
1832 4210 1961 4274 nominc
1982 4211 2157 4289 Bezek⁵⁶⁹)‚
2178 4217 2205 4266 11

484 4344 546 4409 que
564 4305 876 4410 habundat'optimo
898 4326 981 4399 uino,
1003 4326 1049 4388 ita
1071 4323 1157 4408 quod
1178 4326 1212 4387 in
1235 4335 1322 4388 terra
1345 4323 1401 4387 illa
1422 4347 1486 4387 non
1507 4325 1669 4388 inuenitur
1692 4323 1813 4388 melius.
1848 4322 1956 4387 Incole
1973 4325 2066 4389 huius
2083 4323 2158 4388 uille

483 4460 593 4504 omnes
620 4449 694 4502 sunt
718 4438 904 4505 Christiani.
946 4439 1007 4503 Isti
1036 4438 1146 4502 colunt
1166 4442 1278 4505 uineas
1300 4439 1360 4503 has
1382 4454 1414 4503 et
1434 4439 1583 4504 uillarum
1606 4441 1827 4504 adiacencium
1855 4441 1889 4504 in
1911 4439 2069 4505 descensu
2090 4441 2157 4505 ual-

482 4554 523 4618 lis
545 4554 719 4641 Raphaym
728 4555 752 4632 1)
781 4577 882 4642 usque
911 4555 953 4618 ad
976 4565 1150 4619 torrentem
1172 4554 1276 4637 botri,
1309 4566 1342 4619 ct
1363 4554 1484 4619 habent
1504 4555 1713 4642 priuilegium
1735 4579 1754 4619 a
1777 4555 1918 4621 Soldano
1938 4555 1984 4619 ibi
2006 4557 2158 4620 manendi

483 4680 515 4734 et
536 4669 663 4734 colendi
685 4693 756 4752 eas,
779 4681 810 4734 et
832 4670 972 4734 reddunt
993 4670 1134 4734 Soldano
1157 4694 1311 4756 magnum
1333 4671 1409 4735 inde
1432 4693 1570 4735 censum.

607 4787 659 4850 De
673 4786 861 4850 Bethlehem
875 4786 922 4851 VI
943 4786 1043 4850 leucis
1066 4796 1178 4850 contra
1193 4788 1348 4851 orientem
1368 4811 1467 4872 supra
1481 4810 1570 4850 mare
1588 4798 1748 4852 mortuum
1765 4803 1814 4853 est
1828 4810 1921 4852 mons
1938 4791 2080 4868 Enpaddi
2091 4788 2158 4863 ⁵⁶⁹),
2179 4798 2208 4847 12

483 4901 523 4967 de
541 4926 608 4990 ¹quo
628 4902 749 4966 dictum
772 4915 821 4967 est
842 4926 950 4990 supra.

550 5102 577 5165 6)
595 5099 689 5153 Verba
705 5101 738 5153 (16
756 5101 878 5154 omnihus
895 5131 928 5139 -
945 5102 985 5153 ud
1001 5099 1134 5151 iudicium
1157 5098 1207 5151 hoc
1226 5098 1287 5152 loco
1303 5116 1394 5152 errore
1413 5104 1521 5167 ponunt
1538 5097 1572 5154 st
1583 5098 1608 5153 h.
1636 5132 1668 5138 —
1690 5102 1719 5172 b)
1737 5110 1866 5172 66661166
1884 5100 1923 5156 st.
1951 5118 2064 5166 ortorum
2080 5098 2108 5155 h.
2126 5130 2158 5139 -

619 5190 644 5251 6)
662 5185 854 5237 remeantibus
871 5182 911 5239 St.
935 5189 1079 5237 reuocante
1096 5181 1122 5238 h.
1148 5211 1178 5220 -
1208 5182 1237 5252 d)
1255 5191 1335 5250 operat
1353 5182 1392 5236 st.
1418 5191 1555 5253 apparent
1571 5182 1596 5238 h.
1620 5216 1650 5225 -
1676 5195 1702 5248 6)
1721 5187 1890 5240 innocentum
1913 5184 1945 5239 St
1958 5184 1983 5235 h.
2007 5214 2040 5223 -—
2069 5183 2097 5253 f)
2114 5202 2158 5236 re-

616 5267 690 5336 plai
707 5265 747 5321 St.

549 5440 619 5509 565)
642 5440 676 5494 (16
706 5439 836 5495 omnibus
866 5439 998 5496 historiis
1022 5470 1058 5479 -
1083 5441 1125 5496 ad
1151 5437 1298 5513 iudicium]
1406 5442 1476 5510 567)
1496 5439 1593 5496 Ρ6616
1614 5448 1641 5496 61
1663 5441 1824 5515 Eustochii]
1848 5439 1884 5499 V.
1908 5441 2022 5500 Tobler
2042 5440 2158 5499 Bethle-

484 5532 569 5594 Haee
590 5535 680 5595 verba
702 5557 772 5607 suo,
799 5538 854 5595 nisi
876 5535 979 5612 fallor,
1000 5537 1065 5596 loco
1088 5537 1300 5596 enunciationis
1341 5536 1409 5594 hem
1431 5558 1460 5615 p.
1488 5541 1543 5597 199
1565 5558 1608 5617 eq.

483 5634 622 5746 cpntinuo
643 5637 791 5714 sequentis
814 5655 883 5693 casn
901 5634 1032 5748 ‘quodam
1051 5647 1140 5706 mota,
1161 5656 1219 5714 quo
1236 5654 1300 5714 per·
1404 5689 1475 5759 563)
1496 5687 1599 5762 Bm]
1630 5687 1667 5747 V·
1698 5687 1810 5747 Tobler
1840 5688 1972 5768 Topogr·
2003 5710 2029 5747 v·
2058 5687 2156 5746 Jeru,

482 5741 574 5792 tmere
595 5732 779 5805 videbantur,
801 5754 819 5792 a
840 5733 923 5792 nobis
945 5744 1053 5793 inserta
1074 5745 1149 5795 sunt.
1341 5784 1382 5843 H·
1404 5790 1472 5846 4¹3.

545 5835 616 5903 566)
640 5835 715 5889 66116
737 5833 814 5890 beati
835 5833 985 5908 Ierouirm]
1010 5832 1046 5893 V.
1069 5833 1183 5893 Tobler
1203 5833 1298 5896 Betbl.

482 5950 510 6009 p.
537 5935 602 5991 194.
1323 6006 1328 6016 Ι
1405 5939 1476 6003 569)
1499 5936 1641 6011 Eupaddt'
1662 5968 1702 5978 —
1724 5938 1828 6012 supra]
1851 5936 1919 5996 Vll.
1944 5940 1989 5995 52.
