5334 6975
1350 648 1389 711 86

498 852 514 899 4
657 829 872 893 Beniaminite
901 833 1054 904 terram⁸)
1086 826 1192 890 sortiti
1215 835 1288 889 sunt
1310 847 1330 888 a
1350 825 1490 890 Iordane
1512 848 1612 912 usque
1634 826 1676 890 ad
1697 850 1789 892 mare
1808 850 1974 914 magnum,
2003 829 2206 916 longitudine

532 945 597 1009 XV
617 944 791 1024 leucarum,
812 941 982 1005 latitudine
1003 964 1080 1006 uero
1103 940 1145 1005 ab
1167 940 1345 1005 Ierusalem
1367 963 1467 1027 usque
1489 941 1532 1004 ad
1554 941 1667 1005 Bethel
1688 942 1735 1006 IV
1758 942 1932 1008 leucarum.

498 1075 513 1124 5
657 1059 778 1125 Tribus
799 1058 948 1142 Effraym
977 1058 1092 1121 sortita
1113 1067 1162 1120 est
1184 1067 1304 1120 terram
1327 1079 1347 1120 a
1368 1056 1506 1121 Iordane
1528 1057 1658 1121 flumine
1681 1081 1781 1144 usque
1804 1058 1979 1141 (iaderam,
2001 1059 2205 1145 longitudine

531 1177 613 1242 XVI
633 1175 816 1254 leuearmn,
846 1172 1017 1237 latitudine
1049 1195 1127 1236 uero
1149 1193 1251 1257 usque
1273 1171 1316 1236 ad
1338 1194 1488 1258 eampum
1509 1195 1679 1258 magnum,
1709 1172 1763 1237 ubi
1783 1175 1898 1260 incipit
1921 1173 2049 1240 Galilea
2056 1225 2065 1257 ,
2086 1175 2170 1240 XIII
2179 1181 2205 1252 b)

529 1293 702 1358 leucarum.

497 1413 512 1462 6
657 1405 777 1470 Tribus
800 1406 970 1469 ltlanasses
998 1403 1170 1483 medietas,
1203 1425 1265 1487 que
1287 1402 1369 1465 eitra
1390 1402 1579 1483 Iordanem,
1610 1405 1737 1489 aceepit
1758 1419 1875 1469 sortem
1896 1405 1937 1470 ab
1960 1408 2032 1493 ipso
2054 1405 2205 1471 Iordanis

530 1524 630 1588 fluuio
652 1544 755 1610 usque
776 1543 866 1585 mare
888 1542 1056 1604 magnum,
1086 1518 1317 1604 longitudine‘)
1340 1518 1438 1592 Xflo
1460 1518 1639 1600 leucarum,
1662 1518 1863 1598 latitudinet)
1884 1543 1962 1585 uero
1983 1544 2084 1606 usque
2106 1521 2203 1586 Beth·

530 1663 590 1704 aan
612 1640 673 1715 V‘)
694 1638 871 1701 leucarum.

497 1775 511 1823 7
657 1753 777 1818 Tribus
799 1751 947 1816 Ysaehar
969 1750 1141 1814 Iordanem
1172 1760 1202 1814 et
1224 1749 1409 1816 Carmelum
1432 1752 1576 1835 aceepit,
1604 1750 1802 1837 longitudine
1824 1751 1903 1816 VIII
1922 1751 2102 1832 leucarum,
2130 1751 2203 1815 lati·

530 1870 643 1935 tudine
664 1891 741 1934 uero
764 1868 804 1932 de
824 1867 967 1931 Bethsan
989 1889 1091 1952 usque
1114 1865 1156 1929 ad
1177 1876 1318 1929 montem
1337 1865 1609 1953 Iubyrionulsst)
1631 1867 1661 1930 V
1682 1867 1856 1932 leucarum.

497 2002 513 2052 8
657 1984 777 2050 Tribus
798 1981 945 2047 Zabulon
968 1980 1152 2047 Carmelum
1184 2003 1285 2066 prope
1308 1980 1401 2067 Capu
1424 1993 1565 2047 montem
1574 1987 1600 2060 ¹¹)
1629 2006 1730 2069 usque
1753 1982 1973 2064 Genezareth‚
1999 1981 2202 2067 longitudine

531 2102 582 2167 IX
602 2101 777 2180 leucarum,
797 2098 967 2162 latitudine
986 2120 1064 2162 uero
1088 2120 1106 2160 a
1130 2108 1235 2160 monte
1257 2096 1368 2161 Tabor
1390 2119 1448 2182 per
1469 2097 1646 2162 eouuallem
1668 2098 1851 2165 Carmelion
1875 2099 1903 2162 V
1925 2098 2098 2163 leucarum

498 2230 513 2278 9
660 2215 780 2280 Tribus
802 2214 887 2278 Aser
914 2223 1015 2277 totam
1036 2222 1156 2276 terram
1179 2235 1198 2276 a
1221 2212 1370 2278 Carmelo
1394 2234 1494 2297 usque
1524 2213 1566 2276 ad
1588 2212 1756 2296 Sidonem,
1787 2217 1931 2301 spacium
1953 2214 2020 2278 XX
2038 2213 2205 2278 leucarum

528 2338 562 2400 in
584 2332 793 2420 longitudine,
817 2333 850 2394 in
872 2329 1043 2394 latitudine
1065 2351 1143 2393 uero
1166 2352 1185 2392 a
1206 2331 1289 2392 mari
1310 2351 1428 2414 magno
1448 2351 1548 2415 usque
1570 2329 1701 2394 Naason
1721 2342 1752 2394 et
1771 2330 1881 2396 Kabul
1902 2331 1951 2396 IX
1970 2331 2147 2395 leucarum.

479 2462 511 2511 lo
653 2449 774 2514 Tribus
796 2461 903 2510 autem
918 2445 1081 2532 Neptalim
1104 2446 1230 2531 aceepit
1252 2456 1361 2531 partes
1384 2443 1426 2508 ad
1445 2434 1603 2509 'orientem
1627 2468 1799 2510 conuersas
1820 2470 1921 2534 usque
1943 2446 1986 2511 ad
1998 2446 2197 2510 Damascum

528 2578 560 2632 et
582 2566 762 2644 Galilearn,
791 2565 824 2626 in
847 2560 1049 2647 longitudine
1069 2561 1102 2625 X
1124 2560 1247 2642 leueus,
1274 2562 1307 2624 in
1335 2559 1505 2624 latitudine
1526 2583 1602 2625 uero
1624 2585 1643 2625 a
1665 2564 1747 2626 mari
1768 2562 1892 2627 Galilee
1914 2585 2015 2649 usque
2038 2561 2081 2626 ad
2102 2561 2199 2626 Liba·

528 2705 605 2748 num
626 2681 714 2758 vni)
737 2678 855 2743 leucas.

479 2808 507 2858 11
652 2794 774 2859 Tribus
796 2794 872 2857 Dan
901 2791 971 2856 loea
1000 2791 1156 2856 conuallis
1177 2792 1271 2855 iuxta
1292 2813 1381 2855 mare
1403 2814 1554 2876 magnmn
1577 2793 1619 2857 ad
1641 2795 1717 2860 solis
1740 2817 1890 2860 oceasum
1910 2796 2051 2879 aceepit,
2080 2792 2123 2857 ab
2146 2815 2200 2857 au·

530 2923 597 2978 stro
619 2913 742 2991 Azoto,
777 2909 819 2974 ab
841 2907 989 2993 aquilone
1010 2908 1104 2972 Dora
1124 2907 1337 2971 determinata
1356 2908 1423 2971 suit.
1468 2907 1539 2972 Ilee
1560 2909 1727 2994 longitudo
1750 2913 1826 2975 eius.
1869 2911 1907 2975 In
1928 2909 2100 2974 latitudine
2122 2931 2200 2974 uero

531 3028 625 3093 huius
647 3029 751 3113 partis
774 3023 925 3088 milliaria
947 3047 1011 3088 non
1033 3033 1126 3110 pono.

479 3163 510 3213 12
652 3141 837 3206 Secundum
866 3139 1047 3226 predictam
1076 3140 1174 3224 igitur
1205 3138 1454 3224 descriptionem
1476 3150 1545 3204 tota
1566 3152 1654 3206 terra
1677 3155 1805 3224 saneta,
1834 3165 1895 3228 que
1916 3153 1966 3206 est
1987 3143 2069 3206 eitra
2089 3142 2201 3207 Iorda-

527 3283 612 3341 nem,
633 3279 797 3343 nunquam
819 3256 947 3320 uidetur
970 3254 1128 3319 excedere
1151 3258 1297 3341 spaeium
1314 3254 1375 3318 XL
1385 3258 1411 3332 1)
1435 3255 1599 3321 leucarum
1620 3259 1661 3350 in.
1673 3257 1853 3340 latitudine,
1876 3281 1938 3345 que
1960 3270 2008 3323 est
2029 3258 2202 3324 anrdane

528 3397 631 3462 usque
653 3373 696 3438 ad
716 3396 805 3437 mare
827 3394 989 3455 magnum,
1011 3372 1072 3436 hoe
1094 3382 1142 3434 est
1170 3369 1212 3433 ab
1235 3372 1358 3434 oriente
1378 3372 1412 3434 in
1432 3372 1639 3439 occidentem.
1676 3374 1714 3437 In
1727 3373 1929 3460 longitudine
1945 3396 2032 3456 uere,
2054 3398 2117 3461 que
2132 3374 2174 3440 ab
2183 3379 2201 3452 ¹)

528 3491 678 3578 aquilone
699 3493 733 3554 in
755 3500 901 3553 austrum
923 3490 1111 3573 porrigitur,
1132 3510 1197 3552 non
1220 3486 1313 3573 plene
1329 3490 1472 3552 eontinet
1487 3487 1651 3553 LXXXX
1658 3498 1692 3567 ¹¹¹)
1707 3491 1763 3567 ⁰³⁵)
1780 3489 1900 3573 leueas,
1922 3502 1956 3555 ut
1971 3491 2050 3555 milri
2065 3492 2200 3557 uidetur.

651 3607 739 3671 Eeee
767 3603 868 3669 habes
894 3613 996 3667 totam
1021 3613 1141 3667 terram
1173 3603 1349 3666 seeundum
1374 3603 1606 3690 longitudinem
1640 3616 1671 3670 et
1696 3605 1898 3670 latitudinem
1926 3617 1957 3671 et
1984 3630 2111 3672 omnem
2134 3610 2202 3672 eius

531 3724 627 3788 situm
635 3730 662 3800 ι1)
684 3720 822 3785 fideliter
845 3720 1070 3805 conscriptam.
1115 3717 1186 3797 Quo
1208 3717 1401 3804 descriptio,
1421 3732 1456 3784 ut
1476 3721 1555 3784 milri
1576 3722 1719 3803 uidetur,
1742 3745 1806 3787 non
1827 3746 1943 3809 purum
1964 3722 2052 3787 utilis
2073 3734 2123 3787 est
2142 3746 2201 3809 pro

528 3837 622 3903 libris
652 3834 873 3902 historiaIIbus
901 3843 933 3898 et
957 3845 1024 3898 tota
1054 3833 1170 3914 biblia,
1200 3835 1228 3897 si
1254 3833 1470 3920 Intelligatur,
1497 3847 1528 3901 et
1557 3836 1669 3915 loeis0)
1697 3838 1832 3923 singulis
1854 3838 2003 3903 notandis
2025 3842 2150 3925 pariter
2172 3850 2204 3904 et

530 3954 680 4020 sciendis.

818 4135 880 4200 DE
902 4132 1153 4200 FRUCTIBUS
1176 4132 1237 4196 ET
1259 4132 1532 4199 ANIMALIBUS
1555 4135 1704 4201 TERRE
1726 4136 1912 4203 SANCTE.

495 4283 506 4332 1
652 4270 728 4334 XII.
772 4267 948 4333 Sciendum
974 4267 1087 4352 igitur,
1120 4265 1206 4352 quod
1234 4275 1302 4330 tota
1329 4275 1418 4330 terra
1448 4277 1562 4332 saneta
1588 4269 1648 4332 fuit
1674 4270 1708 4331 in
1734 4270 1780 4332 rei
1810 4270 1946 4333 ueritate
1973 4280 2004 4332 et
2033 4279 2082 4332 eat
2103 4267 2200 4332 hodie

527 4388 649 4472 optima
670 4389 754 4450 inter
778 4406 889 4449 omnes
910 4394 1014 4447 terras
1026 4432 1035 4464 ,
1057 4381 1133 4446 lieet
1154 4380 1303 4469 quidam,
1337 4384 1393 4469 qui
1414 4405 1485 4448 eam
1508 4383 1679 4469 diligenter
1705 4407 1769 4448 non
1790 4384 2078 4449 considerauerunt
2089 4432 2098 4465 ,
2128 4405 2202 4448 eon·

527 4503 662 4565 trarium
685 4500 802 4566 dicant,
844 4499 905 4563 Est
927 4497 1013 4561 enim
1033 4496 1149 4561 fertilis
1172 4496 1266 4561 ualde
1287 4498 1321 4561 in
1342 4498 1515 4581 frumento,
1550 4501 1636 4584 quod
1665 4501 1732 4564 fere
1754 4499 1877 4587 absque
1897 4499 2011 4564 labore
2031 4499 2149 4565 eolitur
2170 4511 2202 4564 et

528 4617 652 4680 erescit.
694 4613 823 4679 Herbas
846 4612 964 4677 multas
987 4613 1110 4698 profert
1128 4613 1265 4694 humus3
1300 4623 1414 4700 sponte
1435 4614 1608 4679 feniculum
1622 4617 1696 4696 Ι531),
1721 4615 1839 4697 saluia,
1867 4626 1955 4697 ruta,
1980 4637 2054 4680 rose
2076 4616 2200 4701 passim

527 4733 561 4796 in
582 4753 699 4817 eampo
722 4738 878 4794 creseunt.

493 4845 508 4895 2
652 4852 743 4909 Lana
763 4846 955 4921 suu-idam)
976 4845 1092 4908 erescit
1112 4846 1146 4908 in
1169 4844 1363 4931 quibusdam
1385 4845 1545 4928 frutectis,
1568 4869 1629 4931 que
1651 4846 1717 4911 alta
1740 4858 1813 4912 sunt
1835 4845 1975 4933 undique
1997 4845 2039 4910 ad
2061 4852 2199 4931 genuat’)

593 5032 621 5097 a)
639 5036 740 5083 terram
759 5044 811 5082 orn.
830 5025 884 5093 St,
909 5024 957 5093 qui
986 5023 1012 5080 h.
1031 5025 1047 5079 l.
1065 5032 1129 5095 post
1145 5026 1239 5081 vocab.
1270 5028 1426 5081 Bariomite
1442 5028 1569 5082 lacunam
1588 5028 1706 5099 reliquit.
1730 5058 1761 5066 -
1786 5028 1815 5093 b)
1837 5032 1864 5083 12
1883 5028 2031 5083 leucarum.
2067 5027 2118 5083 Ed.
2137 5044 2197 5082 ren

658 5145 692 5155 —
709 5116 736 5186 e)
753 5109 952 5179 lonptuulivwm
970 5106 1010 5161 St.
1027 5137 1060 5145 —
1079 5108 1108 5177 d)
1129 5109 1339 5165 1511111111.
1359 5141 1391 5150 —
1409 5112 1435 5179 e)
1452 5112 1625 5165 &uitulinum
1644 5111 1683 5167 St.
1700 5143 1733 5151 -
1752 5112 1778 5177 1)
1797 5118 1811 5166 7
1830 5111 1847 5165 l.
1865 5111 1917 5166 Ed.
1936 5128 1996 5165 ren.
2015 5142 2047 5151 -
2065 5114 2096 5182 g)
2114 5113 2198 5165 tubir-

658 5198 712 5249 rim
730 5194 771 5250 St.
789 5225 822 5233 —
838 5192 868 5260 11)
886 5194 992 5260 eeymet
1010 5190 1049 5246 St.
1069 5189 1232 5260 Chaymoth.
1251 5192 1300 5247 Ed.
1314 5210 1374 5249 ven.
1393 5225 1425 5234 -
1443 5196 1463 5261 i)
1482 5196 1523 5250 sl.
1543 5196 1595 5250 Ed.
1614 5212 1674 5250 ven.
1693 5226 1725 5234 -
1743 5196 1772 5262 11)
1790 5195 1860 5250 XVI
1879 5195 2019 5249 leucarum
2031 5194 2072 5251 St.
2091 5194 2197 5250 XXVI.

660 5280 711 5333 Ed.
730 5295 789 5333 ven
809 5309 841 5318 -
860 5277 881 5345 l)
897 5293 947 5346 que
964 5284 1003 5329 est
1019 5277 1054 5330 ab
1073 5274 1140 5329 Sth.
1158 5306 1191 5316 —
1209 5280 1247 5345 111)
1265 5277 1407 5331 LXXXX
1425 5278 1464 5333 St.
1486 5284 1533 5333 12⁰
1550 5281 1567 5332 l.
1586 5279 1635 5332 Ed.
1655 5296 1714 5333 ven.
1733 5310 1763 5319 -
1783 5283 1813 5350 n)
1831 5281 1912 5333 eitum
1930 5296 1983 5333 om.
2001 5276 2049 5347 St,
2066 5278 2150 5333 habet
2167 5276 2193 5337 11.

661 5391 694 5401 -
712 5365 739 5429 ο)
757 5369 784 5416 et
799 5361 869 5415 locri
890 5360 923 5414 St
932 5357 957 5414 h.
977 5391 1007 5400 -
1026 5360 1055 5429 p)
1074 5360 1159 5413 ionem
1178 5359 1217 5415 St.
1237 5378 1325 5431 genua
1342 5360 1368 5416 h.

587 5516 913 5594 634)Itolyrioa]1ta
934 5534 1039 5592 graece
1060 5522 1146 5573 sonat
1165 5514 1275 5576 Tabor.
1303 5515 1342 5577 V.
1444 5521 1516 5590 636)
1536 5518 1710 5593 feniculum]
1741 5517 1890 5577 Anethum
1923 5516 2109 5577 foeniculum.
2159 5518 2197 5577 V.

525 5616 619 5676 Ritter
639 5614 701 5675 XV
725 5617 778 5689 (1).
801 5619 869 5675 392.
1383 5616 1477 5674 Ritter
1497 5615 1556 5674 XV
1580 5619 1631 5689 (2).
1655 5622 1723 5676 716.

588 5719 659 5788 635)
689 5713 855 5788 LXXXX]
888 5710 1019 5789 Singulis
1054 5710 1181 5769 numeris
1206 5711 1263 5770 alio
1292 5713 1341 5771 alii
1445 5718 1516 5787 637)
1538 5717 1611 5773 lana
1637 5715 1765 5791 surcido]
1792 5716 1860 5774 lana
1886 5716 2000 5793 lignea,
2025 5719 2197 5797 gossypium

527 5811 634 5872 additis
655 5813 806 5872 conficitur
828 5831 942 5871 summa
956 5808 1118 5868 diaetarum
1132 5808 1172 5884 11,
1194 5810 1341 5870 leucarum
1382 5813 1537 5873 arboreum
1558 5814 1644 5874 Linn.

527 5910 625 5970 LXII.
666 5911 712 5972 cf.
735 5934 762 5975 v.
784 5910 912 5970 Raumer
932 5931 961 5990 p.
987 5913 1022 5969 18
1045 5917 1115 5966 nota
1138 5916 1165 5968 4.
