5334 6975
1402 709 1439 769 10

1151 924 1201 984 26.
1229 935 1348 983 coner
1369 930 1690 982 rnraoronrrsnus.

705 1037 817 1104 Codex
828 1034 1050 1102 Bibliothecae
1065 1032 1247 1120 imperialis
1268 1030 1420 1120 publicae
1434 1032 1697 1119 Petropolitanac
1716 1029 1849 1095 membr.
1870 1030 2097 1116 quaternarius
2112 1029 2255 1093 cc'ntinet

579 1152 760 1219 Borebardi
773 1152 1035 1240 Descriptionem
1057 1161 1164 1215 terrae
1186 1157 1327 1230 sanctae,
1348 1146 1447 1213 seculi
1460 1146 1541 1211 XVI
1558 1147 1706 1212 foliorum
1731 1151 1777 1212 16.
1812 1145 1852 1209 V.
1869 1144 1964 1210 Perta
1980 1142 2105 1209 Archiv
2117 1143 2167 1208 XI
2183 1149 2254 1210 796.

1206 1321 1256 1381 21.
1285 1330 1404 1380 connx
1426 1330 1626 1379 ensenusrs

702 1449 925 1515 Bibliothecae
954 1448 1183 1513 Universitatis
1212 1446 1388 1531 Progensis
1418 1447 1518 1510 inest:
1556 1444 1739 1510 Burchardi
1768 1444 1808 1509 de
1835 1445 1946 1510 Monte
1976 1444 2054 1509 Sion
2078 1441 2253 1527 descriptio

579 1578 686 1631 terrae
708 1576 849 1647 sanctae,
872 1566 964 1650 signo
984 1564 1032 1629 111
1054 1564 1095 1627 H.
1123 1570 1166 1629 15.
1206 1561 1246 1625 V.
1266 1560 1363 1626 Perta
1384 1560 1509 1626 Archiv
1527 1562 1578 1627 IX
1600 1567 1669 1629 470.

1172 1733 1220 1794 22
1247 1744 1365 1793 consu
1387 1743 1664 1792 nsrrsaounusrs.

705 1862 807 1927 Henr.
830 1862 981 1928 Canisius
1014 1883 1055 1925 ex
1082 1859 1287 1926 Bibliotheca
1313 1858 1503 1924 monasterii
1533 1859 1761 1924 canonicorum
1786 1857 1980 1945 regularium
2014 1856 2047 1921 S.
2070 1854 2184 1939 Magni
2212 1852 2256 1918 ad

581 1978 698 2065 pedem
720 1980 827 2064 pontis
843 1975 1091 2042 Ratisbonensis
1113 1974 1216 2041 edidit
1228 1974 1412 2041 Burchardi
1436 1974 1475 2038 de
1490 1973 1600 2040 Monte
1618 1974 1697 2039 Sion
1718 1974 1968 2059 descriptionem
1988 1983 2095 2038 terrae
2112 1981 2255 2035 sanctae.

1224 2147 1274 2208 23.
1305 2157 1423 2205 connx
1444 2157 1616 2205 nonanus.

704 2275 826 2340 Romae
853 2278 886 2339 in
917 2276 1076 2340 Vaticano
1106 2273 1285 2339 custoditur
1313 2272 1396 2337 liber
1427 2295 1505 2356 ms,
1532 2278 1588 2359 qui
1616 2272 1694 2338 olim
1722 2272 1921 2353 Christinae,
1949 2271 2085 2336 Sueciae
2110 2272 2256 2356 reginae,

581 2391 682 2456 fuisse
704 2389 838 2473 dicitur,
868 2391 1150 2472 membranaceus,
1178 2392 1324 2475 signatus
1347 2393 1570 2471 numerosae,
1592 2389 1691 2453 seculi
1710 2388 1807 2469 XIV,
1828 2390 2003 2473 inscriptus
2025 2388 2153 2451 nomine
2174 2386 2255 2451 Bor·

582 2505 678 2592 gardi
707 2506 747 2571 de
763 2506 874 2572 Monte
889 2505 977 2571 Sion.
1021 2505 1126 2586 Quem
1148 2505 1266 2570 librum
1281 2505 1395 2571 Victor
1415 2505 1561 2572 Clericus
1581 2527 1731 2570 mancum
1752 2516 1784 2567 et
1795 2501 2010 2569 ratisbonensi
2028 2501 2165 2568 similem
2183 2524 2257 2567 csse

583 2632 701 2687 censet.
733 2621 773 2685 V.
795 2622 881 2685 Hist.
899 2621 946 2685 lit.
968 2620 1061 2687 dela
1082 2621 1139 2685 Fr.
1161 2621 1245 2686 XXI
1266 2627 1338 2688 265.

1193 2793 1241 2855 24.
1269 2804 1387 2852 connx
1411 2805 1646 2854 rsunnumsrs.

706 2919 927 2984 Bethmannus
959 2919 1068 2995 (Perta
1100 2919 1221 2984 Archiv
1247 2918 1296 2983 IX
1326 2923 1398 2995 608)
1425 2920 1539 3003 refert,
1566 2920 1733 3006 Augustae
1755 2918 1972 2984 Taurinorum
2000 2918 2035 2982 in
2061 2915 2257 2982 bibliotheca

583 3033 814 3101 Universitatis
836 3037 998 3101 asservari
1020 3033 1155 3100 membr.
1178 3034 1232 3099 fol.
1251 3036 1326 3099 min.
1346 3056 1408 3100 sec.
1426 3035 1516 3118 XIV,
1539 3037 1700 3122 signatum
1715 3035 1757 3100 H.
1771 3035 1797 3101 I.
1813 3042 1859 3114 12,
1881 3036 1916 3099 in
1935 3056 1998 3121 quo
2020 3034 2042 3098 f.
2057 3037 2116 3099 238
2136 3042 2255 3097 exstet:

749 3150 958 3216 Brochardus
979 3151 1197 3217 Theotonicus
1224 3150 1265 3216 de
1291 3160 1380 3216 terra
1412 3163 1535 3216 sancta.
1577 3152 1682 3235 „Cum
1709 3153 1743 3216 in
1770 3149 1934 3217 veteribus
1953 3150 2086 3237 ystoriis
2108 3185 2147 3194 -
2168 3147 2257 3212 dictu

749 3267 942 3332 sufficiant.“

1205 3405 1253 3465 25.
1284 3416 1403 3465 consx
1425 3418 1636 3466 vrnuunrsrs.

708 3531 977 3597 Wattenbachius
997 3531 1038 3596 V.
1062 3532 1104 3597 D.
1129 3530 1270 3596 Viennae
1290 3534 1324 3596 in
1346 3532 1549 3597 Bibliotheca
1569 3533 1675 3598 Aulac
1696 3534 1774 3619 imp.
1795 3554 1863 3617 reg.
1886 3530 1970 3595 vidit
1991 3530 2151 3596 codicem:

751 3649 836 3712 Hist.
856 3648 938 3733 prof.
961 3653 1031 3729 661,
1053 3670 1139 3712 nunc
1160 3655 1220 3714 509
1241 3646 1375 3712 membr.
1398 3659 1546 3735 quatern.
1576 3671 1640 3713 sec.
1661 3648 1750 3712 XIV.
1793 3648 1891 3712 Hunc
1909 3647 2052 3712 libellum
2078 3645 2167 3710 dedit
2187 3668 2256 3711 mo·

750 3765 891 3829 nasterio
922 3763 955 3828 S.
977 3761 1145 3829 Dorothce
1172 3763 1366 3829 Viennensis
1393 3764 1547 3830 fundator
1573 3767 1652 3829 eius.
1674 3799 1713 3811 -
1734 3800 1775 3811 -
1796 3799 1837 3809 —
1863 3762 1917 3832 fol.
1941 3768 1970 3830 3.
2014 3762 2101 3842 Quot
2128 3763 2257 3828 luerunt

749 3879 901 3944 demones
924 3881 958 3943 in
979 3878 1083 3966 lapsu.
1126 3880 1255 3944 Deinde

791 3993 974 4060 Purchardi
997 3995 1038 4059 de
1056 3994 1167 4061 Monte
1189 3995 1279 4082 Syon
1302 3995 1478 4082 descriptio
1501 3995 1645 4062 locorum
1666 4006 1752 4061 terre
1773 4007 1893 4061 sancte.

708 4111 977 4176 wattenbachius
999 4110 1105 4176 addit:
1128 4111 1238 4178 Canis.
1260 4110 1309 4176 ed.
1330 4112 1429 4177 Basn.
1451 4113 1498 4178 IV
1519 4119 1548 4179 6.

1011 4299 1059 4361 26.
1088 4311 1206 4359 connx
1228 4313 1494 4362 nnnnrcnasnus
1518 4313 1829 4362 vaarrsnsvrnusrs.

708 4427 844 4490 Praeter
865 4448 937 4508 eos,
958 4426 1075 4513 quibus
1098 4428 1147 4490 usi
1170 4450 1297 4509 sumus,
1326 4427 1428 4494 libros
1452 4450 1529 4493 mss.
1550 4427 1770 4493 Vratislaviae
1793 4429 1835 4493 ad
1861 4427 1974 4493 aedem
1996 4427 2028 4493 S.
2048 4425 2259 4492 Elisabethae

585 4552 772 4608 asservatur
793 4541 976 4606 Burchardi
998 4542 1147 4607 monachi
1168 4541 1343 4630 descriptio
1365 4543 1473 4610 'terrae
1495 4556 1635 4610 sanctae.
1676 4545 1715 4610 V.
1738 4545 1834 4609 Perta
1854 4544 1978 4609 Archiv
1996 4544 2043 4608 VI
2064 4548 2113 4609 97.

709 4657 801 4722 Haec
823 4655 993 4739 habebam,
1015 4656 1159 4740 quaeda
1181 4656 1348 4724 codicibus
1369 4658 1555 4725 Burchardi
1577 4659 1728 4724 dicerem.
1771 4661 1838 4725 lam

1088 4804 1137 4871 de
1164 4809 1299 4872 variis
1327 4807 1512 4875 codicum
1539 4807 1758 4893 generibus

586 4944 691 5008 pauca
712 4920 880 4988 addamus.

709 5035 806 5117 Quod
834 5037 899 5101 iam
927 5036 1003 5102 olim
1025 5037 1251 5124 suspicabatur
1273 5039 1412 5104 Ioannes
1433 5038 1678 5120 Beekmannus,
1710 5038 1744 5103 id
1765 5039 1845 5104 mihi
1862 5062 2056 5127 persuasum
2083 5050 2146 5105 est:
2177 5040 2258 5104 Bur·

586 5153 744 5219 chardum
766 5156 809 5214 bis
833 5154 1019 5239 scripsisse,
1040 5154 1124 5219 unde
1147 5154 1230 5219 duae
1251 5164 1376 5235 textus,
1398 5176 1479 5240 quas
1501 5153 1620 5235 dicunt,
1645 5156 1859 5238 recensiones,
1881 5155 1945 5222 duo
1969 5157 2116 5222 codicum
2139 5179 2261 5242 genera

585 5280 657 5335 orta
679 5280 762 5334 sunt.
805 5267 949 5333 Primum
971 5271 1056 5334 enim
1077 5270 1287 5335 Burchardus
1314 5269 1354 5334 de
1375 5269 1486 5335 Monte
1508 5269 1587 5335 Sion
1616 5293 1633 5335 e
1663 5281 1752 5336 terra
1775 5282 1889 5336 sancta
1917 5273 1959 5337 ad
1979 5275 2118 5338 amioum
2141 5296 2257 5359 cogno·

584 5387 704 5451 minem
724 5385 959 5468 Burchardum,
983 5386 1152 5451 Lectorem
1173 5388 1308 5451 fratrum
1331 5385 1456 5451 ordinis
1476 5385 1759 5470 Praedicatorum,
1781 5387 1964 5454 breviorem
1987 5399 2093 5453 terrac
2115 5388 2259 5477 descrip-

586 5504 707 5568 tionem
729 5501 818 5565 misit
839 5500 1115 5588 Magdeburgum,
1142 5502 1259 5567 deinde
1284 5505 1317 5567 in
1339 5505 1480 5589 patriam
1503 5501 1608 5566 redux
1629 5502 1669 5567 de
1690 5505 1746 5585 iis,
1768 5526 1851 5588 quae
1873 5507 2014 5585 viserat,
2036 5503 2183 5589 pluribus
2204 5529 2258 5570 ex·

587 5619 706 5706 posuit.
748 5616 898 5682 Breviori
931 5617 977 5682 illi
1007 5616 1218 5704 descriptioni
1249 5620 1419 5705 praemisit
1446 5617 1616 5705 epistolam
1646 5617 1688 5682 ad
1710 5621 1847 5684 amicum
1871 5602 1999 5701 datam,
2027 5625 2259 5684 additamenta

582 5737 794 5815 geographica.
835 5732 980 5798 Etenim:
1007 5738 1072 5802 Qua
1094 5737 1202 5815 omnia,
1225 5736 1348 5822 inquit,
1369 5748 1402 5797 ut
1424 5740 1526 5798 melius
1542 5739 1661 5815 possint
1679 5741 1862 5818 ymaginum,
1885 5741 1967 5799 nritto
1988 5741 2069 5798 vobis
2089 5741 2178 5800 simul
2196 5746 2260 5819 pel-

586 5856 650 5929 lem,
672 5855 702 5912 ia
724 5873 783 5931 pua
804 5853 901 5911 omnia
922 5856 964 5912 ud
984 5855 1097 5912 oculum
1110 5854 1297 5933 fiyuraatur.

707 5967 822 6054 Itaque
843 5965 959 6052 quibus
982 5966 1148 6032 codicibus
1170 5965 1226 6031 illa
1247 5965 1386 6053 epistola
1408 5966 1450 6032 ad
1464 5966 1691 6033 Burchardum
1715 5968 1869 6033 lectorem
1891 5968 1969 6033 data
1990 5970 2165 6057 praecedit,
2188 5969 2260 6036 bre·
