5334 6975
1292 650 1349 712 173

481 828 515 892 in
544 827 624 893 uilla
656 827 780 893 solebat
811 830 1016 915 requiescere
1045 840 1077 893 et
1105 826 1258 915 epistolas
1287 826 1439 892 scribere.
1481 827 1526 891 Et
1556 825 1695 892 habetur
1722 827 1756 888 in
1783 822 1921 910 pulchra
1942 825 2203 897 uenerationem

481 945 567 1009 Ante
589 945 681 1009 cuius
702 945 787 1009 fores
810 944 928 1032 sepulti
950 954 1024 1009 sunt
1045 942 1169 1010 nobiles
1191 944 1261 1007 isti:
2172 961 2206 1011 22

689 1065 902 1135 Remitterem,
924 1059 1214 1146 magdeburgensis
1236 1056 1434 1144 burgrauius
1449 1060 1514 1138 ¹⁰⁴),

693 1178 807 1254 Operas
828 1176 965 1256 iuuenis,
989 1197 1095 1240 comes
1119 1175 1159 1239 de
1181 1172 1418 1258 Woldemborg
1432 1175 1495 1253 ¹⁰⁵),

697 1294 901 1370 With-rondes,
931 1313 1038 1354 comes
1068 1290 1108 1356 de
1130 1288 1361 1366 Halrcmunt⁸)
1374 1291 1445 1369 101),
1477 1284 1655 1351 auunculus
1676 1284 1863 1349 lVilbrandi
1892 1284 1933 1349 de
1955 1284 2155 1370 Oldenborg,

1065 1406 1120 1490 qui
1141 1403 1227 1469 hunc
1247 1402 1391 1468 libellum
1414 1403 1615 1488 conscripsit.

607 1521 753 1599 Quorum
775 1522 881 1584 anime
902 1524 1108 1608 requiescant
1129 1523 1163 1585 in
1184 1542 1275 1606 pace.
1319 1519 1434 1583 Amen.
1876 1599 1879 1604 Ι
2172 1533 2206 1585 23

602 1637 640 1699 ln
666 1634 748 1722 pede
768 1634 853 1699 illius
876 1639 993 1702 montis
1016 1647 1065 1701 est
1087 1637 1225 1701 ecclesia
1239 1657 1337 1721 super
1354 1634 1554 1698 mansionem
1574 1632 1660 1696 beati
1675 1632 1763 1696 Luce
1780 1632 1978 1717 euangeliste
1993 1630 2154 1695 edificata.
2172 1647 2206 1697 24

602 1752 642 1816 In
663 1749 769 1815 medio
794 1773 871 1816 uero
892 1763 1014 1834 monte,
1044 1752 1084 1816 de
1106 1755 1196 1816 cuius
1219 1750 1389 1816 altitudine
1411 1749 1571 1823 1111111101)
1595 1750 1727 1833 scripsi,
1757 1761 1806 1812 est
1827 1758 1969 1812 castrum
1989 1749 2023 1810 in
2045 1745 2150 1811 medio
2172 1763 2205 1812 25

480 1865 672 1931 edificatum.
717 1866 784 1930 Sub
811 1869 901 1931 cuius
929 1866 1012 1953 pede
1038 1866 1180 1933 uidimus
1210 1867 1348 1947 clusam,
1375 1866 1410 1928 in
1440 1887 1504 1951 qua
1531 1863 1628 1928 beata
1650 1863 1758 1929 Maria
1775 1862 1974 1947 Magdalena
2001 1863 2068 1948 egit
2096 1885 2154 1949 per
2171 1874 2205 1924 26

478 1990 605 2068 tempus
625 1983 851 2068 penitenciam,
874 1993 915 2064 et,
937 1984 1116 2069 sicutipse
1137 1985 1245 2046 animo
1268 1982 1400 2047 celestia
1422 1981 1626 2065 concupiuit,
1649 1982 1696 2044 ita
1717 1991 1749 2044 ct
1769 1993 1845 2043 tunc
1868 2001 2004 2064 corpore
2026 1989 2155 2042 terrena

479 2099 686 2162 transcendit.
729 2098 826 2161 quta
846 2096 935 2161 illam
957 2099 1060 2161 eciam
1083 2112 1131 2161 est
1154 2121 1257 2184 parua
1280 2095 1449 2183 capellula,
1471 2118 1488 2159 e
1509 2087 1574 2181 qua
1595 2095 1693 2159 beata
1707 2094 1899 2180 Margarita,
1922 2115 1994 2157 eum
2013 2093 2057 2158 ad
2070 2116 2154 2157 mar·
2173 2110 2204 2160 21

478 2213 597 2297 tyrium
619 2212 805 2288 duceretur,
831 2214 893 2277 fuit
922 2223 1080 2277 extracta.
1123 2213 1176 2277 Ad
1207 2213 1307 2299 pedes
1335 2211 1422 2275 illius
1443 2215 1477 2274 in
1500 2210 1657 2275 descensu
1676 2212 1795 2275 montis
1822 2210 1962 2274 uidimus
1984 2208 2155 2274 ecclesiam
2172 2226 2205 2277 28

480 2349 577 2413 super
600 2330 800 2392 mansionem
822 2330 925 2392 sancti
946 2328 1101 2393 Iohannis
1123 2328 1349 2414 Chrysostomi
1371 2327 1563 2390 edificatam.

603 2444 640 2507 ln
661 2445 761 2507 tercio
783 2453 899 2525 monte,
921 2446 976 2529 qui
997 2444 1130 2530 reliquis
1151 2445 1302 2524 inferior,
1334 2455 1383 2506 cst
1403 2442 1541 2506 ecclesia
1564 2442 1606 2506 ad
1628 2442 1783 2506 honorem
1805 2442 1898 2505 beate
1919 2439 2067 2504 Barbare
2089 2439 2155 2504 edi·
2173 2447 2206 2499 29

480 2558 586 2640 ficata,
609 2580 680 2645 que,
703 2568 739 2621 ut
761 2558 880 2638 dicunt,
899 2560 973 2645 ipsa
996 2559 1035 2623 de
1058 2560 1119 2624 hac
1141 2560 1273 2623 ciuitate
1294 2560 1356 2622 fuit
1379 2556 1525 2623 oriunda.

606 2673 650 2737 Et
671 2685 758 2755 nota,
781 2676 857 2759 quia
879 2672 992 2740 Simon
1013 2675 1151 2760 Magus,
1173 2677 1228 2762 qui
1250 2673 1454 2761 postmodum
1477 2674 1686 2759 apostatauit,
1710 2672 1750 2736 (11
1773 2672 1946 2736 Antiochia
1967 2673 2027 2735 fuit
2047 2675 2154 2736 oriun-
2175 2681 2208 2731 30

481 2789 550 2853 dus.
592 2788 694 2853 11111111
716 2812 793 2853 uero
814 2789 963 2869 historie,
994 2813 1074 2875 quas
1098 2790 1152 2853 hic
1174 2790 1237 2853 dici
1260 2813 1325 2854 non
1348 2799 1491 2875 oportet,
1520 2790 1555 2852 in
1577 2787 1702 2852 actibus
1725 2788 1946 2873 apostolorum
1976 2799 2007 2852 et
2027 2789 2060 2851 in
2080 2788 2157 2851 uitis
2174 2792 2205 2842 31

479 2921 664 2970 sanctorum
687 2906 771 2967 etin
793 2906 1000 2990 passionibus
1022 2916 1201 2992 martyrum
1224 2904 1264 2967 de
1286 2905 1350 2970 hac
1370 2905 1544 2970 Antiochia
1564 2906 1781 2968 inueniuntur.

603 3020 667 3082 Hic
697 3021 802 3105 primo
834 3020 976 3085 vidimus
1006 3042 1099 3085 rosas
1130 3019 1222 3084 albas
1251 3032 1355 3103 totas,
1388 3022 1506 3085 rubeas
1535 3031 1566 3084 et
1598 3042 1744 3100 croceas,
1782 3030 1814 3083 et
1846 3041 1977 3105 pomum
2007 3027 2158 3082 uocatum
2175 3025 2208 3076 32

477 3135 778 3203 Iesusubeledcmus
794 3138 859 3218 101),
885 3136 971 3221 quod
993 3136 1067 3200 talis
1089 3148 1138 3200 est
1157 3148 1281 3200 nature.
1311 3137 1351 3200 In
1374 3136 1426 3200 dic
1447 3136 1650 3200 Parasceues
1672 3136 1870 3198 seminantur
1892 3136 1942 3197 sui
1960 3133 2076 3214 nuclei,
2099 3134 2154 3217 qui
2176 3136 2209 3188 33

479 3274 634 3339 processu
657 3253 812 3336 temporis
834 3253 884 3315 sui
904 3254 938 3316 in
957 3252 1092 3317 herbam
1116 3261 1349 3338 consurgentes
1372 3255 1505 3339 pariunt
1518 3254 1624 3338 primo
1642 3251 1739 3315 fleres
1755 3250 1858 3331 albos,
1880 3251 1935 3336 qui
1951 3247 2158 3335 postmodum

477 3370 512 3431 in
535 3365 682 3449 uiridem,
705 3365 822 3430 deinde
843 3368 877 3430 in
899 3369 1004 3432 rufum
1026 3378 1057 3431 et
1078 3366 1189 3432 tdtimo
1209 3369 1244 3431 in
1263 3390 1412 3432 croceum
1435 3369 1603 3432 uariantur
1620 3367 1769 3432 colorem.
1807 3365 1873 3445 Qui
1887 3367 1921 3428 in
1939 3388 2036 3450 poma
2054 3375 2157 3428 trans-
2175 3375 2209 3426 31

479 3483 759 3564 substanciantur,
782 3505 917 3569 quorum
939 3482 1071 3571 aliquod
1080 3485 1105 3562 1)
1128 3485 1156 3549 si
1180 3485 1251 3570 quis
1273 3503 1371 3570 super
1394 3509 1453 3548 sua
1476 3482 1717 3570 pulchritudine
1739 3481 1960 3566 redarguerit,
1989 3479 2099 3544 dicens
2122 3504 2157 3544 se

479 3598 665 3687 pulchriora
692 3598 833 3681 uidisse,
865 3601 972 3685 ipsum
1001 3622 1132 3685 pomum
1166 3602 1259 3686 quasi
1289 3600 1464 3685 indignans
1484 3601 1642 3685 turgescit
1664 3610 1696 3663 et
1719 3621 1777 3685 pre
1799 3598 2024 3683 indignatione
2045 3597 2078 3659 in
2100 3596 2157 3659 mi·

478 3726 556 3779 nuta
578 3714 774 3799 dirumpitur
791 3718 854 3792 100).
899 3714 994 3794 Quod
1013 3715 1102 3779 dictu
1121 3715 1271 3780 mirabile
1293 3731 1352 3799 cst,
1377 3740 1450 3781 cum
1471 3719 1577 3803 ipsum
1601 3718 1642 3779 sit
1665 3714 1827 3802 quoddam
1848 3715 2067 3796 insensatum,
2097 3713 2154 3777 sed
2175 3730 2208 3781 31

479 3830 565 3917 quod
589 3829 741 3910 uidimus,
763 3830 823 3894 hoc
845 3842 1012 3914 testamur,
1035 3843 1066 3895 ct
1090 3834 1305 3896 testimonium
1328 3844 1474 3898 nostrum
1497 3856 1608 3896 uerum
1631 3844 1688 3896 est.

603 3944 677 4008 XV.
720 3944 772 4008 Ab
798 3945 855 4009 illa
883 3959 957 4032 post
984 3947 1106 4032 aliquot
1140 3948 1209 4011 dies
1243 3946 1452 4012 discessimus
1478 3971 1592 4013 uersus
1622 3948 1834 4012 Hormcniam
1850 3948 1913 4021 110).
1955 3944 1999 4008 Et
2027 3927 2190 4043 reliqui-3

545 4095 571 4162 a)
591 4093 756 4146 Harlemaat
771 4093 821 4147 Ed.
841 4123 871 4132 -
891 4093 919 4160 b)
937 4112 1051 4162 quaerum
1068 4096 1178 4162 aliquid
1194 4094 1224 4148 B.
1243 4112 1358 4163 quomam
1374 4097 1401 4149 si
1417 4095 1520 4165 aliquia
1538 4096 1588 4148 Ed.
1625 4095 1753 4164 Aliquod
1768 4111 1783 4148 e
1796 4093 1955 4148 coniectura
1973 4091 2142 4161 scripsimus.

545 4254 610 4321 101,ΙΙ
638 4250 835 4306 Bam-lardus
862 4249 974 4306 aradeb.
1005 4249 1193 4325 terpretatur]
1224 4249 1294 4306 Bur·
1339 4251 1513 4308 cumfratre
1536 4249 1761 4328 suoLudolpbo
1784 4267 1861 4306 anno
1885 4252 1958 4307 1191
1984 4245 2159 4305 Antiochiae

480 4346 618 4417 char-dus,
646 4347 672 4404 V
703 4349 765 4405 eius
788 4348 913 4405 nominis
936 4345 1130 4420 Qucrt'ordiao
1151 4347 1297 4421 dominus,
1339 4348 1418 4408 obiit.
1459 4349 1496 4409 V.
1519 4349 1641 4408 Wilken
1662 4348 1707 4407 IV
1730 4346 1860 4424 Anhang
1881 4367 1909 4424 p.
1931 4350 1979 4405 115.

477 4444 672 4522 Magdeburgi
695 4445 896 4521 burggmvina
918 4465 995 4503 anno
1022 4451 1097 4506 1159
1120 4446 1297 4505 Antiochiae
1405 4455 1473 4520 101)
1496 4450 1585 4524 uobis]
1608 4449 1643 4507 V.
1666 4458 1725 4506 not.
1751 4452 1776 4506 1.
1978 4504 1982 4511 .

478 4542 556 4601 diem
577 4543 656 4602 obiit.
699 4543 765 4603 Vid.
791 4546 821 4602 C.
838 4544 1051 4619 Spaupeaberp
1075 4544 1296 4617 Quert'urtisehe
1405 4552 1473 4619 108)
1496 4547 1772 4620 Iesusubeledcmus]
1802 4546 1920 4604 Nomen
1948 4541 2026 4602 istud
2055 4541 2158 4621 depra-

479 4640 625 4700 Chronica
646 4663 675 4719 p.
698 4646 765 4703 2119.
807 4643 846 4700 Et
866 4643 1044 4718 Hieronymi
1056 4645 1230 4719 Heusinger
1252 4664 1295 4702 se-

478 4741 567 4799 cundi
593 4757 621 4799 et
648 4743 723 4798 tertii
752 4745 833 4818 regni
863 4744 892 4800 in
919 4756 1023 4820 quarta
1042 4742 1213 4801 monarchia
1231 4764 1297 4821 par-

478 4851 538 4899 tcm
568 4839 698 4909 alteram,
728 4843 923 4899 continentem
952 4840 1150 4918 genealogicis
1180 4840 1296 4900 tabellis

479 4938 705 5016 comprehensas
728 4938 852 4996 familias
874 4939 1085 5019 Imperatorum
1108 4960 1138 5017 p.
1157 4946 1222 5000 tes.
1251 4938 1296 4998 Of.

478 5035 601 5094 Wilken
622 5034 667 5094 IV
690 5035 820 5113 Anhang
840 5058 868 5114 p.
892 5044 940 5098 96.

547 5138 613 5205 105)
639 5138 752 5208 Operas
775 5135 900 5210 iuuenis,
921 5157 1013 5195 comes
1035 5139 1070 5195 de
1091 5136 1295 5212 ll'otdoruborp]

478 5233 618 5311 Hoyerus
639 5232 688 5302 ΙΙ,
716 5231 828 5310 Hoyeri
857 5234 872 5292 I
901 5234 990 5307 tilius,
1017 5235 1172 5294 vernacule
1194 5234 1298 5293 dicitur

479 5330 557 5390 Grai
577 5351 644 5388 zum
664 5329 891 5407 Woldenberge.
924 5332 991 5392 Vid.
1013 5335 1038 5396 Ι,
1063 5337 1098 5394 Β.
1116 5335 1298 5392 Leucusteia
1405 5321 1472 5390 109)
1493 5318 1684 5393 dirumpitur]
1713 5318 1837 5375 Pomum
1863 5336 1884 5375 8-
1913 5315 2039 5374 fructum
2065 5312 2160 5373 118188·

479 5430 628 5489 historiam
657 5428 875 5506 diplomaticam
904 5432 1091 5510 episcopatns
1114 5432 1298 5492 hildesiensis
1340 5416 1874 5474 1111111111100010101011080111111111011111
1894 5412 2160 5490 111110010111111111111

481 5535 581 5608 1159.
1341 5535 1360 5572 a
1392 5513 1522 5573 Steetaio
1556 5516 1634 5574 citati
1677 5514 1784 5573 docent
1814 5516 1849 5574 Α,
1879 5514 1914 5573 P.
1950 5515 1985 5570 dc
2019 5511 2160 5571 &adolla

547 5632 614 5699 106)
645 5624 845 5684 tt7ilbraudus,
869 5646 959 5684 comes
984 5630 1019 5684 de
1040 5629 1231 5704 Halrcmunt]
1261 5628 1298 5688 v,
1341 5612 1502 5672 Prodromo
1524 5614 1580 5672 ΠΙ.
1603 5618 1657 5673 311
1684 5624 1713 5671 et
1735 5614 1766 5671 V.
1780 5615 1817 5674 F.
1834 5612 2018 5687 Kosteletzly
2030 5610 2159 5687 Allgcm.

481 5735 603 5785 stamma
626 5723 792 5781 Wilbrandi
813 5722 878 5781 libri
900 5724 985 5784 huius
1007 5725 1046 5783 gd
1068 5727 1187 5787 calcem,
1225 5727 1298 5785 wil.
1341 5710 1818 5789 medicinisch-pharmaceutische
1838 5711 1929 5770 Flora
1948 5710 1991 5769 11.
2015 5713 2071 5769 727
2094 5729 2138 5787 sq.

482 5823 610 5883 brandus
636 5824 666 5883 11
704 5843 800 5882 comes
834 5820 871 5881 de
898 5823 1074 5883 Halrcmunt
1102 5825 1250 5885 Friderico
1283 5826 1298 5884 Ι
1407 5830 1474 5897 110)
1496 5825 1697 5899 Harmoniam]
1721 5827 1891 5886 Armeniam
1912 5821 2160 5884 1111111111.ὒί-

482 5923 661 6002 lmperatore
688 5920 762 5980 duce
789 5923 820 5979 in
853 5929 960 5981 terram
988 5932 1119 5981 sanctam
1149 5925 1297 6003 profectus
1340 5925 1444 5985 liciam.

1339 4711 1439 4760 vatum
1462 4711 1555 4760 ortum
1578 4711 1623 4760 est
1646 4721 1681 4759 ex
1696 4702 1764 4757 leste
1777 4709 1807 4759 et
1820 4700 1901 4759 arab.
1917 4677 2044 4789 olm-la
2068 4697 2159 4765 (bala-

1340 4803 1420 4874 sim),
1443 4801 1615 4859 balsamum.
1658 4799 1712 4857 Est
1735 4799 1821 4870 enim,
1843 4798 1873 4858 id
1895 4798 1974 4878 quod
1995 4819 2041 4857 me
2061 4794 2161 4854 decuit

1339 4901 1506 4957 Ioachimus
1529 4899 1640 4969 Steetz,
1663 4897 1699 4961 V,
1724 4898 1770 4967 D„
1796 4899 1959 4971 botanicus,
1981 4894 2159 4955 Bulsumiac

1339 4999 1525 5055 Momordico
1539 4997 1637 5069 (Lina.
1653 5017 1731 5076 spec.
1751 5002 1849 5070 1453).
1882 4996 1968 5070 Quae
1982 5014 2072 5074 quum
2086 5002 2159 5051 tem·

1338 5116 1410 5174 pore
1432 5095 1565 5174 paschali
1579 5097 1780 5169 seminaretur,
1801 5098 1870 5153 Isse
1891 5097 2054 5153 balsamum
2068 5091 2159 5150 nomi-

1337 5195 1400 5252 nari
1422 5193 1508 5253 facile
1530 5203 1652 5273 poterat.
