5334 6975
1212 752 1214 757 ,
1290 682 1347 744 135

605 858 719 923 Eeiam
748 868 903 945 quantum
929 860 963 922 in
983 860 1206 924 remissionem
1233 860 1349 923 iniurie
1377 867 1502 923 tantum
1531 879 1587 922 eos
1610 855 1784 921 Sarraceni
1804 857 1982 923 excedunt!
2012 856 2155 922 Occisio-
2176 849 2205 964 {g

482 996 555 1038 nem
576 995 654 1037 vero
677 973 769 1037 multi
791 996 900 1038 eorum
923 976 971 1038 sie
995 973 1170 1040 abhorrent
1183 975 1248 1052 195),
1271 973 1356 1061 quod
1380 972 1566 1039 occiderent
1582 993 1643 1037 nee
1663 972 1818 1058 gallinam
1839 994 1900 1038 neo
1924 972 2079 1059 pulicem,
2099 971 2156 1036 sed

484 1089 612 1176 quando
641 1087 753 1153 volunt
780 1088 946 1152 comedere
973 1087 1149 1174 gallinam,
1179 1100 1289 1154 tenent
1314 1112 1386 1154 eam
1413 1091 1447 1152 in
1467 1087 1616 1152 manibus
1637 1089 1746 1152 vinam
1777 1091 1810 1152 in
1830 1090 1887 1152 via
1908 1100 1939 1153 et
1959 1097 2078 1173 rogant
2099 1087 2156 1151 ali-

484 1225 578 1289 quem
600 1203 640 1268 de
661 1203 852 1285 viatoribus,
874 1214 909 1268 vt
931 1226 1002 1268 eam
1024 1205 1154 1270 occidat
1168 1206 1232 1281 ¹⁹⁶).
1267 1204 1340 1269 Hoc
1359 1206 1483 1269 faciunt
1503 1203 1685 1285 Sarraceni,
1707 1205 1762 1291 qni
1783 1214 1890 1268 tamen
1910 1203 2014 1288 legem
2035 1202 2156 1267 habent
2176 1215 2206 1264 16

483 1320 669 1400 occisionis,
691 1330 941 1405 propterquam
962 1320 1085 1405 legem,
1110 1331 1146 1383 vt
1168 1320 1275 1395 duret,
1307 1319 1455 1384 omnibus
1477 1318 1629 1403 perieulis
1652 1320 1856 1383 securissime
1878 1341 1912 1383 se
1934 1329 2101 1403 exponunt
2124 1330 2154 1381 et

483 1446 611 1499 strenue
632 1445 787 1521 pugnant,
810 1445 841 1498 et
865 1436 911 1498 sie
934 1435 1071 1500 fideliter
1092 1438 1126 1500 in
1150 1457 1261 1521 pugna
1281 1457 1314 1499 se
1337 1435 1476 1498 inuicem
1499 1433 1665 1514 adiuuant,
1686 1442 1723 1497 vt
1743 1434 1797 1499 lex
1819 1458 1929 1500 eorum
1953 1433 2053 1498 duret.
2086 1433 2153 1497 Ha·
2174 1441 2204 1490 17

483 1549 628 1627 bent197)
649 1552 749 1631 enim,
779 1548 865 1637 quod
886 1559 952 1613 tam
975 1550 1030 1613 diu
1051 1550 1183 1615 durabit
1199 1552 1254 1627 118)
1276 1550 1329 1614 lex
1353 1573 1480 1631 eorum,
1507 1572 1603 1636 quam
1630 1548 1685 1613 diu
1706 1551 1810 1614 virtus
1831 1560 1864 1614 et
1885 1551 2022 1614 victoria
2045 1571 2155 1612 eorum

482 1664 615 1731 durabit
635 1688 694 1751 per
715 1688 834 1730 ensem.
876 1665 937 1729 Est
957 1667 1041 1729 enim
1061 1666 1115 1730 lex
1137 1666 1293 1747 violenta,
1321 1676 1358 1730 vt
1378 1667 1515 1731 inferius
1534 1664 1668 1751 patebit.
1712 1664 1853 1744 Quidam
1877 1665 2077 1730 Sarracenos
2100 1686 2154 1726 no·
2174 1643 2205 1759 {3

482 1784 569 1846 mine
589 1781 748 1845 Monchor
776 1782 810 1844 in
836 1781 976 1864 quodam
1004 1780 1085 1846 duro
1116 1781 1223 1864 bello,
1253 1782 1341 1869 quod
1362 1783 1423 1846 fuit
1444 1783 1528 1845 inter
1550 1781 1748 1846 Sarracenos
1770 1791 1803 1845 et
1825 1780 2044 1860 Christianos,
2072 1780 2155 1843 vidit

483 1897 644 1983 quendam
672 1896 770 1961 alium
792 1895 1007 1960 Sarracenum
1036 1898 1223 1981 probiorem
1254 1921 1287 1963 se
1316 1897 1476 1961 deiectum
1504 1896 1545 1961 de
1573 1919 1672 1983 eque,
1705 1910 1736 1960 ot
1763 1897 1907 1961 instabat
1934 1897 1964 1960 ei
1994 1917 2081 1959 mors
2103 1894 2154 1958 vel

484 2014 666 2102 captiuacio
689 2036 710 2077 a
733 2011 935 2090 Christianis,
957 2025 988 2075 et
1010 2014 1120 2077 statim
1140 2013 1308 2078 deseendit
1331 2012 1371 2077 de
1393 2036 1450 2077 suo
1474 2035 1555 2099 equo
1576 2023 1608 2075 ct
1631 2014 1691 2076 ait:
1718 2011 1888 2093 „Ascende
1910 2034 2026 2098 equum
2048 2032 2153 2074 meum

483 2141 515 2194 et
535 2131 620 2215 fuge,
641 2130 718 2213 quia
738 2128 842 2190 maius
860 2126 1039 2212 dampnum
1061 2139 1147 2193 esset
1168 2131 1195 2193 si
1218 2128 1377 2194 occideris
1400 2128 1452 2192 vel
1476 2130 1671 2214 captiuaris,
1700 2149 1795 2213 quam
1817 2127 1857 2191 de
1878 2129 1961 2191 me.“
2005 2126 2100 2206 Quod
2124 2138 2155 2190 et
2173 2142 2205 2192 to

482 2245 568 2325 fecit,
590 2255 622 2308 et
642 2244 756 2324 euasit,
779 2253 811 2306 et
831 2241 885 2306 ille
906 2243 966 2306 fuit
988 2254 1102 2329 captus
1124 2266 1184 2329 pro
1205 2266 1242 2308 co
1263 2245 1297 2307 in
1320 2243 1414 2308 bello.
1457 2244 1550 2308 Alius
1571 2254 1695 2323 autem,
1719 2244 1772 2329 qui
1794 2245 1827 2306 in
1850 2265 1930 2326 equo
1953 2244 2022 2307 eius
2043 2266 2153 2307 euasc-
2173 2256 2201 2304 tl

483 2373 544 2442 rat,
566 2362 626 2425 fuit
646 2360 751 2423 sactus
766 2357 937 2441 Soldanus,
963 2371 994 2423 et
1015 2359 1166 2424 liberauit
1188 2382 1261 2423 eum
1284 2359 1325 2424 de
1346 2382 1478 2423 carcere
1501 2372 1532 2423 et
1546 2358 1690 2423 reddidit
1708 2381 1766 2444 pro
1780 2380 1817 2421 eo
1834 2358 2027 2422 Christianis
2043 2380 2152 2443 regern

482 2477 653 2557 Armenie,
684 2497 778 2561 quem
804 2473 977 2538 Sarraceni
1005 2473 1159 2539 tenebant
1180 2477 1214 2538 in
1240 2497 1380 2540 earcere.
1423 2476 1511 2539 Ecce
1540 2484 1662 2561 quanta
1689 2472 1863 2538 concordia
1883 2475 1966 2537 inter
1988 2472 2072 2537 filios
2094 2475 2152 2536 ini·
2171 2492 2203 2542 22

485 2594 632 2680 quitatis3
653 2613 728 2656 eece
748 2601 869 2676 quanta
889 2589 1013 2653 faciunt
1034 2599 1066 2653 et
1088 2590 1206 2676 qualia,
1227 2603 1265 2656 vt
1287 2592 1382 2656 duret
1403 2592 1457 2656 lex
1479 2590 1678 2678 perdicionis
1699 2612 1819 2671 eorum,
1842 2600 1877 2652 vt
1899 2590 2025 2675 possint
2045 2586 2153 2651 dicero

485 2707 658 2773 Sarraceni
682 2705 876 2772 Christianis
890 2707 960 2781 ¹⁹⁹):
985 2711 1159 2783 „Erubesce
1182 2711 1283 2786 Sidon,
1306 2712 1350 2769 ait
1371 2714 1493 2770 marc!“

608 2855 804 2941 Supradicta
836 2866 942 2919 autem
970 2878 1034 2919 non
1060 2858 1266 2921 narranimus
1295 2856 1338 2920 ad
1365 2857 1683 2921 commendacionem
1713 2854 1985 2934 Sarracenorum,
2023 2852 2080 2917 sed
2112 2853 2154 2916 ad
2171 2873 2203 2922 13

483 2973 702 3038 confusionem
724 2970 996 3051 Christianorum,
1025 2973 1078 3058 qui
1099 2971 1211 3036 nolunt
1232 2972 1339 3036 faeere
1359 2995 1417 3057 pro
1439 2971 1511 3056 lege
1532 2974 1614 3053 vite,
1643 2970 1729 3056 quod
1759 2970 1928 3055 dampnati
1950 2971 2072 3033 faciunt
2093 2992 2153 3055 pro

479 3090 551 3174 lege
573 3088 695 3151 mortis.

941 3283 1049 3349 XXX.
1092 3283 1155 3347 DE
1175 3283 1297 3349 LEGE
1318 3283 1690 3350 SARRACENORUM.

607 3433 709 3498 Porro
737 3431 777 3495 de
804 3431 875 3516 lege
905 3431 1158 3497 Sarracenorurn
1189 3431 1310 3520 aliquid
1339 3432 1391 3499 vel
1421 3432 1480 3498 sub
1509 3433 1667 3499 breuitate
1696 3457 1862 3521 ponamus.
1912 3432 2034 3500 Contra
2054 3452 2152 3516 quam
2170 3406 2204 3523 ἑ

483 3549 648 3616 sciendum
677 3559 741 3629 est,
773 3534 859 3633 quod
879 3546 933 3611 lex
954 3545 1208 3613 Sarracenorum
1230 3561 1279 3613 est
1299 3549 1410 3635 larga,
1434 3550 1581 3632 confusa,
1605 3549 1749 3633 occulta,
1780 3550 2049 3629 mendacissima,
2070 3549 2150 3611 irra-

484 3664 653 3731 cionabilis
678 3674 709 3726 ot
739 3662 888 3727 violenta.
932 3663 1042 3728 Primo
1072 3664 1202 3751 quidem
1232 3674 1281 3728 est
1305 3663 1413 3751 larga,
1445 3667 1581 3731 veniens
1608 3679 1674 3731 tam
1706 3679 1820 3732 contra
1842 3666 1992 3753 regulam
2013 3663 2186 3751 phileae-³

483 3781 618 3868 phorum
640 3779 761 3859 mundi,
785 3781 839 3866 qui
862 3779 982 3862 dicunt,
1006 3780 1093 3866 quod
1115 3780 1247 3844 difficile
1269 3791 1318 3845 est
1340 3784 1471 3868 operari
1494 3783 1668 3848 seeundum
1693 3786 1858 3865 virtutem,
1889 3784 1973 3847 sicut
1994 3784 2153 3866 attingere

483 3911 626 3962 centrum
658 3897 692 3959 in
721 3893 840 3959 circulo
869 3906 901 3958 et
930 3908 1099 3980 pereutere
1122 3898 1249 3982 signum
1272 3899 1410 3982 sagitta,
1441 3921 1538 3985 quam
1560 3900 1664 3962 eciam
1685 3909 1797 3963 eontra
1818 3899 1964 3983 regulam
1985 3898 2102 3961 summi
2121 3907 2154 3960 et

482 4012 632 4078 altissimi
654 4010 858 4097 philosophi,
887 4010 1010 4076 scilieet
1032 4011 1171 4092 Christi,
1200 4015 1254 4100 qui
1277 4013 1371 4096 dicit,
1401 4014 1487 4101 quod
1515 4024 1587 4078 arta
1607 4026 1655 4078 est
1676 4016 1746 4096 via,
1776 4036 1836 4100 que
1865 4012 1954 4077 ducit
1977 4012 2019 4075 ad
2041 4014 2152 4075 vitam.

481 4128 565 4192 Nam
587 4127 627 4191 de
648 4129 843 4191 necessitate
865 4125 979 4191 salutis
1000 4150 1064 4191 non
1085 4139 1134 4192 est
1156 4132 1202 4192 eis
1225 4128 1358 4215 aliquid,
1381 4132 1444 4192 nisi
1465 4129 1551 4216 quod
1570 4128 1696 4192 dicant:
1719 4130 1811 4209 „Non
1827 4139 1875 4192 est
1890 4129 1969 4192 deus
1983 4129 2046 4190 nisi
2060 4128 2185 4198 Densa

481 4256 513 4309 et
534 4242 757 4307 Machometus
786 4243 922 4305 nuncius
943 4241 1039 4305 Dei.“
1082 4243 1208 4308 Tenent
1236 4245 1335 4329 igitur
1358 4247 1570 4309 communiter
1593 4244 1780 4325 Sarraceni,
1807 4244 1944 4330 quodsi
1967 4242 2069 4307 solum
2091 4243 2185 4311 hocs

481 4359 559 4424 dicit
577 4358 787 4441 Sarracenus,
808 4358 995 4434 saluabitur,
1018 4361 1150 4422 eciamsi
1173 4363 1281 4423 omnia
1303 4369 1439 4445 peecata
1461 4359 1501 4423 de
1522 4359 1641 4425 mundo
1663 4362 1793 4425 faceret.
1829 4361 1923 4425 Licet
1944 4361 2029 4423 enirn
2051 4358 2151 4422 multa
2169 4373 2185 4423 6

478 4475 543 4541 alia
563 4485 724 4561 ponantur
747 4484 778 4538 at
800 4473 991 4537 mandentur
1013 4476 1046 4537 in
1065 4474 1137 4558 lege
1158 4476 1313 4559 ipsorum,
1335 4475 1459 4539 scilieet
1481 4477 1514 4539 in
1537 4476 1700 4557 alcorano,
1723 4484 1830 4539 tamen
1851 4474 2149 4562 transgressoribus

478 4590 567 4656 nulla
588 4590 740 4675 penam)
761 4591 794 4653 in
817 4589 882 4654 alia
902 4592 970 4654 vita
993 4589 1136 4654 debetur.
1172 4590 1217 4655 Et
1236 4591 1423 4672 notandum,
1446 4591 1532 4676 quod
1554 4591 1634 4655 illud
1655 4590 1799 4672 verbum,
1821 4591 1904 4678 quod
1929 4590 2183 4658 Machometust

478 4708 571 4795 ponit
589 4707 623 4769 in
646 4705 812 4783 alcorano,
835 4705 947 4787 credo,
978 4706 1050 4791 plus
1073 4728 1169 4791 quam
1191 4716 1318 4770 centum
1342 4705 1486 4770 vicibus:
1519 4709 1614 4789 „Non
1636 4718 1685 4771 est
1706 4707 1785 4771 deus
1806 4709 1868 4771 nisi
1893 4708 2013 4789 Deus“,
2039 4730 2150 4771 conee-

480 4823 566 4888 ditur
587 4822 629 4887 ab
650 4823 736 4885 omni
760 4832 856 4886 secta.
900 4823 983 4886 Nam
1006 4821 1045 4885 de
1067 4823 1154 4886 omni
1176 4845 1212 4885 re
1235 4824 1298 4886 ista
1319 4824 1504 4909 proposicio
1527 4831 1575 4886 est
1595 4845 1675 4887 vera
1696 4824 1898 4911 simpliciter:
1926 4829 2014 4902 „Non
2036 4835 2079 4884 est
2102 4843 2185 4892 err-s

479 4943 526 5001 ais
555 4942 615 4999 nisi
644 4940 743 5011 εαηιζς,Ι
779 4961 837 4998 non
864 4952 907 5000 cst
930 4962 1018 5019 equus
1038 4942 1098 4999 nisi
1119 4944 1227 5019 εᾳιιιω*ι
1250 4949 1325 5021 etc.;
1353 4939 1416 5025 ipsi
1444 4950 1552 5002 tamen
1574 4937 1747 5004 Sarraceni
1767 4940 1880 5004 volunt
1901 4938 2025 5019 dicere,
2054 4937 2150 5025 quod,

481 5057 564 5120 sicut
581 5054 645 5116 ista
667 5075 725 5138 per
749 5075 782 5116 se
805 5076 884 5117 vera
906 5065 969 5116 est:
1002 5060 1090 5133 „Non
1112 5068 1155 5117 est
1177 5062 1245 5116 deas
1267 5059 1327 5116 nisi
1348 5059 1456 5130 Deus“,
1478 5055 1525 5118 ita
1546 5067 1579 5120 et
1606 5055 1685 5119 ista:
1714 5062 1932 5133 „Maelomctus
1960 5067 2002 5116 est
2023 5059 2150 5116 nuncius

478 5174 562 5233 Dei.“
606 5167 672 5232 Sed
695 5180 845 5253 quantam
866 5171 1016 5233 iniuriam
1041 5171 1164 5233 faciunt
1185 5172 1314 5233 veritati
1337 5169 1555 5254 philosophie,
1579 5172 1633 5257 qui
1653 5173 1744 5235 iuxta
1765 5171 2025 5257 proposicionem
2049 5172 2183 5241 veris-9

480 5286 596 5350 simam
620 5295 743 5370 ponunt
765 5285 1026 5369 proposicionem
1048 5285 1255 5350 falsissimam
1268 5334 1276 5367 ,
1308 5297 1341 5349 et
1362 5297 1513 5370 quantam
1540 5287 1691 5351 iniuriam
1714 5288 1838 5350 faciunt
1858 5285 1949 5366 Deo,
1980 5287 2035 5372 qui
2056 5287 2149 5348 iuxta

478 5403 649 5465 veritatem
672 5398 736 5462 Dei
768 5409 891 5483 ponunt
912 5400 1082 5464 mendacia
1102 5414 1133 5465 et
1152 5400 1326 5465 falsitatem
1348 5398 1558 5484 Machometi,
1586 5402 1721 5487 quilibet
1747 5405 1877 5488 saplens
1905 5414 2011 5488 potest
2035 5424 2094 5486 per
2117 5424 2150 5463 se

481 5518 589 5603 ipsum
612 5515 791 5578 aduertere.
833 5514 877 5577 Et
898 5514 960 5578 hoo
982 5514 1125 5579 dicentes
1149 5515 1253 5579 solum
1278 5516 1412 5579 credunt
1434 5516 1562 5582 saluari.
1606 5518 1666 5582 Est
1687 5520 1786 5603 igitur
1806 5518 1857 5582 lex
1879 5519 1981 5604 larga.
2025 5518 2068 5581 Et
2091 5517 2150 5580 hoo
2170 5481 2200 5608 ¹5⁰

2172 5615 2200 5664 ll

546 5737 613 5806 195)
636 5737 685 5791 Ito.
708 5733 744 5793 G.
767 5754 941 5814 quamquam
964 5738 1122 5814 praecessit
1146 5737 1196 5796 ric.
1401 5740 1467 5809 198)
1487 5740 1615 5795 detrabat
1635 5737 1673 5797 G.

546 5838 614 5904 196)
636 5836 771 5893 occidant
794 5831 829 5893 G.
1398 5840 1468 5909 199)
1490 5835 1556 5896 Vid.
1579 5838 1691 5896 lesaias
1713 5836 1834 5895 XXIII.
1858 5844 1884 5896 4.

545 5935 614 6002 197)
635 5932 763 6006 Habent]
788 5941 897 6010 putant.
1397 5939 1467 6003 200)
1487 5935 1576 6010 peno]
1599 5954 1703 6012 poena.
