5334 6975
1299 674 1339 735 89

478 849 654 939 peioribus.
697 850 871 936 Recipiunt
898 849 1043 936 hospicio
1072 856 1262 940 peregrinos
1285 851 1325 916 de
1348 865 1443 936 gente
1467 874 1533 916 sua.
1577 853 1640 933 Qui
1666 854 1726 918 sibi
1749 875 1864 917 cauere
1886 856 2050 933 nesciunt,
2085 873 2150 915 ere·

477 966 558 1032 dunt
578 968 674 1053 ipsis,
701 977 731 1030 et
754 988 805 1030 res
824 979 856 1029 et
876 965 1029 1032 honorem
1052 968 1201 1055 perdunt.
1244 969 1301 1032 Isti
1322 966 1442 1031 ibidem
1464 977 1622 1052 generant
1643 968 1726 1032 filios
1751 979 1957 1054 paternorum
1982 969 2151 1030 eriminum

476 1084 669 1164 imitatores,
694 1094 725 1146 et
747 1080 787 1146 de
809 1080 902 1146 malis
925 1083 1113 1167 parentibus
1136 1085 1216 1149 fiunt
1235 1084 1293 1148 filii
1316 1087 1453 1171 peioreS,
1476 1095 1569 1148 etex
1591 1084 1640 1147 his
1662 1093 1795 1168 nepotes
1818 1085 1966 1168 pessimi,
1990 1081 2151 1145 calcantes

477 1197 550 1263 loca
579 1207 690 1262 sancta
721 1195 858 1283 pedibus
889 1197 1028 1282 pollutis.
1071 1199 1166 1263 Unde
1196 1201 1369 1285 contingit,
1395 1211 1430 1265 ut
1461 1214 1593 1285 propter
1620 1211 1754 1284 peccata
1786 1197 2041 1262 inhabitancium
2064 1196 2152 1283 apud

478 1313 585 1378 Deum
608 1325 694 1376 terra
715 1314 789 1398 ipsa
811 1334 881 1375 cum
903 1311 973 1378 loco
998 1315 1261 1379 sanctificationis
1282 1318 1390 1379 ueniat
1411 1316 1444 1377 in
1466 1326 1694 1400 contemptum.

606 1429 688 1494 Sunt
709 1429 810 1492 eciam
831 1437 937 1512 preter
960 1428 1128 1506 Latinum)
1152 1430 1260 1515 plures
1284 1432 1317 1494 in
1340 1454 1377 1494 ea
1399 1444 1527 1515 gentes,
1549 1441 1583 1493 ut
1606 1430 1787 1493 Sarraccni.
1830 1429 1893 1509 Qui
1915 1428 2184 1492 Machomctum2

483 1544 672 1632 predicant,
703 1555 735 1607 et
764 1542 868 1628 legem
901 1546 968 1607 eius
991 1556 1131 1609 seruant.
1176 1545 1352 1610 Dominum
1375 1559 1518 1611 nestrum
1539 1546 1670 1610 lhcsum
1693 1545 1858 1610 Christum
1880 1547 2056 1608 inanimum
2078 1568 2150 1631 pro—

478 1660 648 1747 phetarum
673 1660 797 1741 dicunt,
820 1669 851 1723 et
873 1658 1018 1741 cundem,
1041 1660 1167 1747 Spiritu
1188 1663 1307 1726 Sancte
1331 1672 1529 1747 conceptum,
1552 1662 1591 1724 de
1612 1664 1739 1746 uirgine
1762 1670 1875 1724 natum
1896 1663 2044 1724 latentur.
2087 1661 2151 1723 Nc-

479 1788 559 1864 gant
585 1789 691 1840 tamon
720 1797 851 1860 passum
882 1785 912 1837 ct
941 1786 1116 1853 mortuum,
1148 1777 1205 1841 sed
1231 1778 1360 1864 quando
1391 1779 1437 1842 eis
1465 1777 1572 1863 placet
1600 1778 1711 1842 dicunt
1733 1800 1804 1841 cum
1827 1776 2013 1840 ascendisse
2039 1776 2151 1857 celum,

479 1890 522 1956 ad
550 1892 698 1956 dextram
720 1891 829 1954 Patris
854 1890 982 1973 sedere,
1006 1897 1080 1976 quia
1103 1892 1221 1957 Filium
1244 1894 1308 1958 Dei
1328 1917 1399 1957 cum
1422 1894 1623 1957 confitentur.
1665 1893 1905 1958 blachometum
1925 1916 2001 1956 uero
2025 1903 2152 1956 conten-

480 2007 563 2072 dunt
580 2006 694 2080 sedere
717 2006 759 2070 ad
781 2008 946 2069 sinistram
968 2008 1045 2070 eius.
1087 2009 1146 2072 Isti
1171 2022 1244 2074 suut
1267 2009 1426 2074 immundi
1446 2011 1549 2073 nimis.
1593 2009 1657 2073 Tot
1677 2032 1797 2072 uxcires
1819 2007 1957 2089 hahent,
1980 2018 2057 2093 quot
2079 2029 2151 2093 pas·

480 2145 553 2186 cere
577 2136 722 2208 possunt.
764 2122 905 2186 Peccant
926 2130 1034 2185 tamen
1056 2125 1281 2189 nichilominus
1303 2135 1415 2190 contra
1437 2136 1595 2207 naturum,
1616 2128 1649 2189 in
1673 2124 1807 2208 singulis
1831 2123 2016 2187 ciuitatibus
2033 2122 2152 2186 hahen-

481 2249 531 2302 tes
553 2238 686 2302 effebias
698 2240 764 2314 618).
807 2236 888 2301 Sunt
908 2249 1013 2300 tamen
1037 2239 1212 2325 hospitales
1237 2241 1369 2305 multum
1391 2254 1422 2304 et
1444 2240 1581 2305 curiales
1604 2255 1635 2304 et
1657 2240 1800 2305 benefici.

604 2370 718 2433 Preter
747 2369 805 2434 hos
834 2382 906 2431 sunt
937 2368 982 2432 ibi
1003 2374 1129 2449 iS'priam'
1150 2374 1219 2436 siue
1242 2376 1325 2458 Syri.
1369 2375 1424 2459 Hij
1448 2385 1547 2437 totam
1569 2372 1773 2457 repleuerunt
1800 2384 1930 2435 terram.
1973 2371 2185 2436 Christianis

480 2496 590 2550 tamen
612 2497 694 2566 sunt,
717 2485 773 2549 sed
794 2485 902 2548 latinis
922 2483 1043 2548 nullum
1065 2485 1161 2550 fidem
1184 2501 1322 2553 seruant.
1355 2490 1475 2553 Misere
1496 2491 1677 2552 uestiuntur
1700 2499 1733 2551 et
1751 2486 1936 2566 induuntur,
1960 2486 2051 2571 parci
2068 2496 2152 2565 sunt,

481 2601 718 2688 eleemesynam
748 2624 811 2664 non
839 2600 925 2666 dant.
969 2599 1057 2664 luter
1080 2601 1278 2668 Sarracenos
1305 2605 1470 2684 habitant,
1501 2615 1531 2667 et
1558 2617 1593 2667 ut
1619 2603 1793 2689 plurimum
1816 2626 1926 2667 eorum
1948 2601 2062 2665 officiis
2084 2601 2152 2663 fun·

481 2728 608 2804 guntin.
651 2718 687 2782 ln
717 2717 830 2781 habitu
860 2716 1057 2780 concordant
1086 2741 1159 2781 curn
1178 2721 1383 2794 Sarracenis‚
1416 2722 1477 2784 nisi
1510 2720 1596 2805 quod
1617 2731 1740 2782 tantum
1763 2741 1820 2803 per
1842 2716 2006 2800 cingulum
2024 2716 2152 2780 laneum

482 2832 715 2898 discernuntur.

610 2969 701 3029 Greci
721 2965 868 3028 similiter
886 2965 1065 3029 Christiani
1089 2981 1170 3045 sum,
1194 2968 1250 3029 sed
1273 2969 1480 3040 schismatici,
1503 2970 1563 3030 nisi
1587 2967 1674 3051 ‹luod
1699 2989 1757 3051 pro
1779 2987 1899 3049 niagna
1920 2975 2013 3050 parto
2030 2967 2063 3027 in
2079 2980 2185 3028 con-t

485 3081 559 3146 cilio
582 3081 795 3166 generaliter)
817 3080 875 3144 sub
902 3080 1030 3144 domino
1047 3081 1207 3165 Gregorio
1225 3083 1257 3146 X
1278 3084 1320 3147 ad
1341 3084 1561 3146 obedienciam
1584 3082 1718 3145 ecclesie
1740 3082 1913 3144 redierunt.
1957 3080 2055 3165 Apud
2072 3079 2150 3144 Gre-

484 3221 540 3262 cos
563 3198 678 3284 prclati
700 3219 809 3261 omnes
831 3208 904 3258 sunt
926 3195 1084 3276 monaehi,
1109 3207 1141 3259 et
1162 3198 1261 3261 multe
1282 3199 1482 3262 abstinencie
1504 3211 1535 3260 et
1557 3198 1811 3261 corruersationis
1834 3196 1991 3259 mirande.
2033 3196 2152 3258 Deuoti

483 3329 558 3378 sunt
585 3314 688 3378 ualde.
733 3313 955 3378 Communiter
982 3311 1123 3396 prelatos
1155 3335 1229 3376 suos
1259 3313 1394 3377 multum
1424 3325 1611 3377 reuerentur
1640 3324 1672 3375 ct
1703 3312 1869 3376 honorant.
1911 3311 2032 3375 Audiui
2055 3336 2114 3396 ego
2133 3336 2152 3375 a

484 3429 671 3516 patriarcha
692 3452 812 3511 eorum,
836 3425 922 3513 quod
944 3426 1027 3491 dixit
1049 3451 1099 3491 rue
1120 3442 1284 3514 presente:
1306 3428 1396 3511 „Sub
1418 3429 1607 3495 obediencia
1628 3451 1760 3495 romane
1781 3428 1914 3492 ecclesie
1929 3427 2064 3492 libenter
2082 3449 2152 3492 esse

483 3545 631 3612 uolumus
656 3557 687 3610 et
710 3569 747 3608 ea
769 3546 921 3623 reuereri,
943 3543 1000 3606 sed
1017 3544 1151 3607 multum
1170 3547 1285 3628 mirer,
1313 3547 1399 3633 quod
1421 3545 1643 3633 compellimur
1664 3544 1871 3609 inferioribus
1894 3543 2041 3630 prelatis,
2071 3547 2154 3607 sicut

484 3662 741 3747 archiepiscopis
764 3672 795 3723 et
817 3660 997 3745 episcopis,
1027 3659 1167 3725 subesse.
1210 3661 1331 3726 Uolunt
1352 3664 1435 3727 enim
1459 3662 1589 3748 quidam
1613 3663 1850 3747 archiepiscopi
1872 3671 1903 3723 ct
1924 3663 2068 3747 episcopi
2093 3682 2154 3742 me,

485 3780 540 3863 qui
568 3801 636 3842 sum
669 3775 873 3864 patriarcha,
908 3775 1099 3861 compellere
1131 3777 1173 3841 ad
1207 3778 1417 3843 osculandum
1444 3778 1543 3863 pedes
1571 3802 1646 3843 suos
1675 3788 1707 3840 et
1735 3779 1781 3841 eis
1804 3779 1910 3841 lacere
1933 3777 2154 3842 obedienciam

484 3893 677 3974 manualem,
701 3893 743 3956 ad
765 3891 851 3979 quod
873 3914 924 3954 me
945 3891 1042 3955 credo
1064 3914 1128 3956 non
1149 3896 1261 3974 teneri,
1285 3916 1357 3957 curn
1381 3904 1490 3957 tamen
1511 3893 1573 3959 hec
1594 3893 1730 3957 libenter
1751 3895 1890 3957 lacerem
1914 3892 1973 3957 soli
1997 3894 2114 3979 pape.“

608 4025 688 4088 Item
712 4034 784 4088 sunt
804 4022 849 4086 ibi
871 4028 1010 4096 Armenii,
1035 4026 1205 4103 Georpiani,
1227 4031 1416 4100 Nestoriani,
1438 4029 1613 4102 n'zioianib),
1634 4029 1894 4103 [continual-³⁰),
1917 4028 2044 4100 tuomet,
2063 4031 2187 4102 aledis

483 4144 590 4213 Perse,
621 4145 781 4219 Ethopia,
810 4143 931 4218 Eppptii
953 4148 983 4200 et
1012 4138 1109 4201 multe
1137 4153 1248 4225 gentes
1272 4140 1350 4221 alie,
1383 4162 1444 4223 que
1467 4152 1540 4203 sunt
1562 4140 1748 4205 Christiani.
1792 4139 1937 4219 Quorum
1960 4152 2008 4203 est
2029 4141 2155 4205 infinita

485 4253 663 4320 multitudo.
708 4256 778 4335 Qus
810 4252 934 4339 singule
960 4253 1080 4317 habent
1109 4257 1313 4340 patriarchas
1343 4280 1418 4320 suos
1446 4269 1477 4319 ct
1505 4259 1551 4319 cis
1580 4255 1743 4319 obediunt.
1786 4255 1908 4318 Eorum
1937 4278 2014 4319 uere
2037 4255 2154 4341 prelati

483 4369 609 4452 dieunt,
640 4394 672 4435 se
700 4393 832 4435 romane
862 4373 993 4432 ecclesie
1015 4368 1227 4434 libentissime
1256 4370 1398 4435 obedire.
1441 4372 1565 4436 Horum
1597 4371 1727 4458 quidem
1748 4371 1933 4434 Nestoriani
1957 4380 1988 4433 et
2008 4370 2155 4435 lacobini

483 4497 516 4550 et
538 4486 658 4551 similes
681 4509 700 4550 a
722 4484 914 4573 quibusdam
936 4484 1096 4567 hereticis,
1120 4487 1174 4569 qui
1197 4486 1359 4571 quondam
1385 4511 1494 4552 corum
1517 4489 1688 4574 capitanei,
1712 4487 1759 4550 sic
1780 4485 1857 4549 dicti
1880 4497 1961 4549 sunt.

608 4618 689 4682 Sunt
710 4621 845 4703 insuper
867 4618 899 4679 in
921 4627 1009 4679 terra
1031 4628 1142 4680 sancta
1165 4622 1374 4695 Modiaor'ted),
1398 4620 1452 4704 qui
1473 4641 1559 4683 nunc
1580 4620 1785 4695 Bortwr'ai⁰⁵¹)
1808 4618 1966 4699 dicuntur,
1990 4629 2021 4682 et
2045 4625 2189 4687 Tusco-6

484 4738 573 4811 mani,
595 4734 709 4798 dantes
731 4744 885 4809 tantum‘)
906 4755 1038 4817 operam
1063 4731 1187 4796 alendis
1210 4732 1381 4818 pecoribus
1403 4745 1434 4797 ct
1455 4735 1602 4817 camelis,
1633 4733 1749 4821 quibus
1770 4736 1871 4799 eciam
1894 4734 2082 4798 habundant
2105 4758 2154 4798 su·

483 4872 546 4936 pra
567 4850 708 4915 modum.
752 4849 809 4913 Isti
831 4859 953 4914 certam
972 4872 1037 4912 non
1059 4848 1178 4911 habent
1199 4852 1409 4931 mansionem,
1432 4850 1488 4914 sed
1510 4850 1690 4936 ubicunque
1713 4852 1913 4935 comperiunt
1935 4873 2005 4914 esse
2024 4873 2156 4937 pascua,

484 4988 519 5030 se
544 4967 741 5030 transferunt
770 4988 841 5028 cum
873 4964 1090 5028 tabernaculis
1114 4967 1189 5029 suis.
1232 4966 1289 5030 Isti
1311 4990 1384 5030 cum
1406 4968 1470 5030 sint
1492 4969 1683 5052 pugnaccsf)
1706 4965 1818 5043 ualde,
1851 4988 1915 5029 non
1944 4978 2073 5029 utuntur
2095 4968 2157 5030 nisi

482 5080 601 5166 gladiis
624 5092 656 5145 et
676 5081 797 5144 lanceis
819 5088 853 5143 in
875 5079 969 5144 bello.
1014 5080 1148 5166 Sagittis
1171 5105 1234 5145 non
1256 5093 1399 5163 utuntur,
1423 5082 1566 5147 dicentes
1587 5105 1657 5146 esse
1680 5092 1775 5168 turpe
1796 5084 1891 5145 nimis
1915 5082 2035 5145 homini
2057 5083 2156 5146 uitam

552 5278 579 5347 a)
597 5278 667 5331 Sicut
684 5280 769 5332 eciam
788 5278 918 5330 latialia
935 5296 967 5331 ea
985 5278 1181 5347 pentesplures
1198 5276 1236 5332 St.
1272 5279 1343 5332 Sunt
1360 5288 1447 5333 autera
1464 5288 1555 5349 preter
1572 5282 1689 5333 Latinos
1707 5279 1732 5334 h.
1754 5312 1783 5319 --
1808 5278 1836 5347 b)
1855 5280 1968 5331 luciani
1984 5279 2017 5332 St
2030 5277 2056 5331 h.
2074 5309 2105 5317 -
2132 5284 2158 5349 c)

617 5362 715 5416 Iabcai
732 5360 764 5415 St
776 5360 801 5413 h.
820 5391 852 5398 -
875 5361 904 5429 d)
925 5363 1072 5414 merliam'te
1092 5362 1130 5417 St.
1147 5363 1298 5415 arradiaaite
1315 5362 1341 5414 h.
1359 5394 1391 5401 -
1415 5366 1440 5432 c)
1458 5371 1560 5416 εαηᾱιπι
1580 5364 1612 5417 St
1622 5363 1647 5417 h.
1667 5394 1700 5401 -
1725 5362 1752 5433 f)
1768 5381 1887 5433 paperes
1905 5364 1944 5416 st.
1961 5369 2115 5432 pammates
2132 5361 2157 5413 h.

546 5553 617 5620 648)
637 5549 763 5624 effodias]
785 5547 934 5627 ephebiae.
1405 5554 1476 5623 650)
1500 5551 1640 5626 Iacobini]
1665 5547 1723 5623 Qui
1747 5570 1812 5608 cum
1834 5553 1923 5628 paulo
1945 5561 2012 5628 post
2033 5568 2157 5607 comme·

545 5652 616 5721 649)
645 5651 675 5705 ia
699 5650 818 5705 concido
843 5647 984 5722 pancrati]
1015 5646 1102 5719 Quod
1124 5648 1233 5706 factum
1255 5659 1300 5706 est
1342 5659 1503 5720 morentur,
1522 5648 1570 5707 hic
1592 5669 1706 5728 quoque
1729 5670 1787 5707 non
1809 5650 1927 5727 labeni,
1955 5649 2006 5708 sed
2026 5648 2159 5704 Iarobini

481 5765 561 5804 anne
586 5751 662 5805 1274
681 5745 826 5821 Lugduni.
855 5744 1016 5803 V.hla11sii
1039 5746 1224 5805 conciliorum
1241 5747 1299 5804 col·
1341 5746 1498 5824 legendum
1522 5767 1587 5806 esse
1609 5748 1796 5807 ducebamus.

482 5844 636 5903 lectionem
657 5844 773 5904 XXIV.
796 5849 834 5905 38
858 5865 919 5923 sqq.
963 5842 1059 5918 Quare
1081 5856 1146 5922 post
1169 5866 1195 5903 a.
1223 5849 1296 5905 1274
1406 5848 1803 5922 651)B0ow2'n1]sseduini.

482 5944 598 6022 scripsit
621 5942 816 6003 Burchardus.
