5334 6975
1123 1870 1581 1946 PROLOGUS.

477 2149 489 2198 1
634 2141 799 2205 Prosentis
822 2142 930 2226 operis
954 2141 1107 2220 materia,
1141 2140 1214 2221 suis]
1236 2139 1382 2203 terminis
1414 2139 1567 2202 nimirum
1598 2150 1764 2219 contenta,
1797 2137 1916 2223 stylum
1938 2138 2187 2224 grandiloquum

511 2255 707 2337 abhorrens,
729 2256 902 2338 mediocri,
924 2258 1023 2320 immo
1045 2255 1157 2319 humili
1180 2278 1244 2320 non
1266 2253 1410 2318 indebite
1433 2253 1645 2336 describitur,
1674 2255 1796 2339 quippe
1816 2275 1874 2335 ne,
1897 2256 1924 2317 si
1946 2264 2071 2319 montes
2093 2257 2127 2319 iu
2149 2277 2189 2320 ea

477 2372 592 2436 afortc
625 2374 844 2457 parturirent,
873 2372 1031 2436 ridiculus
1060 2395 1132 2435 mus
1159 2381 1356 2437 nasceretur.
1401 2369 1507 2449 Quam
1535 2369 1609 2434 idco
1637 2368 1823 2433 describere
1852 2379 1884 2433 et
1912 2371 1947 2432 in
1967 2369 2112 2436 medium
2133 2394 2187 2437 ue-

511 2488 570 2551 stri
583 2489 604 2564 ¹)
624 2486 784 2551 deducere
808 2488 955 2570 decreui,
984 2510 1025 2551 ne
1047 2486 1101 2549 illc
1123 2485 1224 2550 hostis
1247 2486 1419 2570 antiquus,
1449 2484 1520 2565 „leo
1542 2487 1673 2570 rugiens
1694 2496 1725 2549 et
1746 2505 1884 2573 querens
1906 2507 2001 2572 quem
2024 2485 2189 2570 deuoret“,

508 2624 574 2667 non
596 2601 700 2667 solum
721 2626 773 2667 me
796 2607 1019 2689 peregrinum,
1041 2624 1154 2665 uerum
1176 2602 1280 2664 ceiam
1303 2599 1465 2685 aliquibus
1487 2601 1640 2686 operibus
1662 2624 1724 2665 non
1747 2602 1937 2679 uirtuosis⁸)
1958 2603 2117 2667 intentum
2140 2606 2187 2669 in·

476 2730 492 2780 3
509 2719 635 2782 ueniret
650 2729 682 2781 et
694 2730 897 2805 occupatum.
927 2717 1054 2781 Nullius
1069 2719 1178 2803 itaque
1194 2716 1420 2793 ,comoriaco
1441 2738 1528 2780 uana
1544 2728 1576 2780 et
1588 2718 1772 2802 perniciosa
1788 2716 1938 2781 inductus
1957 2722 2189 2799 „arr09aacia“,

509 2833 568 2898 sed
588 2843 696 2897 tamen
717 2834 867 2920 predicta
889 2833 1001 2898 habita
1023 2831 1283 2898 consideratione
1306 2831 1346 2896 de
1368 2832 1447 2896 locis
1469 2834 1590 2896 sanctis
1612 2844 1644 2896 et
1662 2833 1702 2897 de
1716 2831 1914 2915 ciuitatibus,
1936 2855 2016 2918 quas
2034 2835 2068 2897 in
2082 2846 2187 2900 trans·

510 2951 646 3014 marinis
668 2950 816 3036 partibus
838 2959 870 3014 et
891 2951 925 3013 in
946 2959 1035 3013 terra
1056 2949 1281 3035 promissionis
1304 2971 1376 3012 curn
1399 2949 1480 3011 uiris
1501 2948 1648 3034 prouidis
1671 2959 1702 3012 et
1729 2948 1886 3031 honestis,
1913 2951 2040 3014 nunciis
2048 2947 2108 3028 ο13)
2131 2949 2187 3014 du-

510 3068 558 3131 cis
577 3064 763 3147 Austriel),
794 3087 853 3129 nec
875 3088 940 3130 non
961 3087 1033 3129 eum
1055 3063 1236 3129 uenerabili
1258 3065 1415 3149 magistro
1446 3063 1560 3127 domus
1582 3064 1850 3147 Alemanuorum,
1877 3066 1977 3130 fratre
1997 3066 2188 3133 Hermanno

510 3182 551 3245 de
575 3181 673 3246 Salza
684 3185 727 3263 ⁵),
758 3180 930 3267 diligenter
952 3181 1163 3268 perlustraui,
1189 3190 1220 3243 et
1248 3179 1288 3244 de
1309 3179 1528 3245 incidentibus
1558 3203 1667 3244 aarum}
1697 3179 1854 3262 historiis,
1881 3203 1962 3266 quas
1991 3184 2095 3247 eciam
2115 3205 2188 3270 pre·

510 3297 669 3363 dictorum
690 3300 835 3362 uirorum
857 3299 979 3363 auxilio
1001 3299 1127 3362 curiose
1150 3295 1340 3380 disquisiui,
1372 3304 1404 3360 et
1427 3295 1467 3359 de
1490 3305 1576 3360 statu
1597 3307 1629 3361 et
1650 3295 1882 3361 munitionibus
1904 3298 2067 3383 ipsarum,
2091 3310 2189 3385 prout

509 3437 595 3478 nunc
617 3425 700 3497 sunt,
722 3414 864 3478 scribere
887 3435 1043 3500 propono,
1065 3434 1139 3476 eum
1161 3413 1194 3475 in
1216 3411 1354 3478 dicendo
1376 3411 1523 3477 ordinem
1545 3422 1577 3476 et
1600 3413 1846 3494 successionem,
1868 3435 1964 3499 quam
1986 3414 2020 3477 in
2033 3414 2188 3498 uidendo,

476 3543 493 3593 4
512 3530 723 3608 obseruansd)
736 3534 770 3608 ⁶).
814 3530 1025 3616 Quapropter
1047 3528 1262 3593 fauorabilem
1285 3531 1496 3594 attentionem
1509 3529 1640 3594 illorum
1658 3528 1820 3593 humiliter
1838 3528 1988 3614 deposco,
2010 3533 2067 3617 qui
2083 3534 2188 3618 queis-

510 3645 714 3732 libctcunquc
736 3645 898 3731 prepediti
925 3646 1070 3729 negociis
1099 3655 1221 3707 terram
1251 3655 1396 3708 sanctam
1423 3655 1456 3710 et
1481 3647 1549 3710 eius
1576 3644 1648 3710 loca
1676 3655 1708 3709 et
1736 3645 1885 3708 ciuitates
1915 3667 1980 3709 non
2002 3647 2188 3731 uisitarunt,

510 3783 621 3826 amore
642 3771 750 3825 tamen
771 3771 802 3825 et
821 3761 1058 3825 desideratione
1080 3758 1167 3823 illius
1188 3758 1312 3824 inducti
1345 3760 1386 3824 de
1405 3763 1468 3842 eis,
1498 3784 1559 3846 que
1586 3750 1923 3825 nondum⁸senscrunt
1945 3782 2004 3825 nec
2026 3760 2187 3846 uiderimt,

477 3876 619 3963 elegere
646 3875 847 3942 delcetantur
880 3888 912 3940 et
939 3876 1129 3961 intelligere.
1174 3874 1328 3939 Graciam
1356 3898 1433 3940 uero
1463 3885 1495 3940 et
1520 3877 1731 3941 correctionis
1760 3875 1878 3940 lineam
1906 3876 1978 3941 illos
2001 3878 2190 3964 appendere

508 3992 664 4078 imploro,
698 3994 753 4080 qui
782 3994 846 4057 iarn
879 4014 956 4078 sepe
986 4000 1133 4078 pretaeta
1160 3991 1232 4057 loca
1261 3990 1436 4075 aliquando
1466 3994 1634 4056 uisitantes
1657 4004 1688 4056 et
1711 3991 1923 4078 profundiora
1944 3992 2189 4059 considerantes

508 4132 559 4173 me
581 4111 614 4173 in
635 4110 780 4194 ipsorum
801 4109 1018 4195 descriptione
1041 4106 1301 4171 animaduertunt
1322 4115 1354 4170 et
1373 4111 1477 4171 sciunt
1499 4130 1670 4194 peccasse3
1692 4110 1768 4195 quia

925 4260 1057 4342 pluribus
1078 4261 1207 4319 intentus
1229 4261 1324 4319 minor
1346 4270 1391 4321 est
1413 4260 1451 4319 ad
1472 4261 1588 4338 singula
1610 4265 1754 4334 sensus0).

577 4476 604 4538 a)
621 4471 732 4523 uitiosis
752 4471 783 4527 B.
802 4473 818 4526 i.
837 4489 858 4527 e.
877 4489 973 4541 aprogr.
990 4469 1075 4524 berol.
1095 4500 1128 4509 —
1145 4470 1279 4524 virtuosis
1297 4469 1349 4526 Ed.
1369 4469 1386 4523 i.
1405 4485 1427 4523 e.
1446 4468 1530 4523 editio
1548 4470 1613 4523 anni
1633 4474 1704 4526 11153.
1719 4501 1753 4510 -
1770 4469 1799 4538 b)
1818 4471 1925 4523 tinam
1942 4470 1966 4523 Β
1978 4470 2029 4525 Ed.
2042 4502 2075 4512 —
2092 4474 2120 4538 c)
2132 4490 2189 4527 aar·

642 4555 715 4606 nitus
734 4554 758 4606 B
769 4555 820 4609 Ed.
839 4585 871 4595 -
897 4556 927 4623 d)
945 4556 1090 4608 obcaecat
1105 4552 1192 4609 BEd.
1212 4585 1243 4593 —
1269 4556 1295 4621 e)
1313 4554 1337 4607 B
1361 4557 1389 4608 et
1406 4553 1456 4609 Ed.
1484 4552 1557 4607 huuc
1581 4570 1688 4608 versum
1715 4571 1770 4608 non
1787 4554 1977 4609 distinxemnt.

574 4759 603 4829 1)
624 4756 722 4830 noant]
744 4756 912 4836 Alloquitur
933 4758 1062 4834 collegas
1091 4777 1176 4828 suos,
1210 4758 1327 4816 canoni·
1431 4760 1462 4830 3)
1484 4757 1609 4834 nunciis]
1640 4755 1690 4816 Sic
1714 4755 1871 4834 legendum
1905 4757 2030 4816 coniecit
2060 4759 2104 4817 vir
2126 4759 2189 4838 qui·

509 4875 559 4914 eos
581 4853 840 4915 hildeshemenses.
882 4856 968 4916 Ilaec
989 4858 1066 4915 enim
1093 4863 1139 4915 est
1158 4853 1326 4913 Wilbrandi
1369 4855 1437 4914 dam
1464 4856 1568 4916 doetus
1596 4857 1627 4914 in
1655 4855 1786 4934 margine
1817 4854 1980 4935 apographi
2001 4855 2095 4917 berol.
2141 4856 2188 4918 cf.

507 4955 577 5013 vita.
620 4952 796 5012 Wittekindi
817 4955 906 5033 stirpe
928 4953 1081 5026 oriundus,
1112 4962 1198 5013 natus
1228 4974 1326 5014 comes
1367 4955 1390 5016 Ι.
1417 4961 1461 5016 19.
1488 4962 1534 5016 15.

508 5050 702 5130 Oldeuburgi,
728 5072 806 5111 anno
833 5057 904 5113 1211
932 5053 1089 5111 eanonicus
1111 5052 1325 5112 lrildeshcmen-
1430 5076 1460 5145 4)
1483 5073 1565 5128 duvia
1586 5067 1736 5144 Amy-iae]
1757 5067 1904 5148 Leopoldi
1925 5068 1987 5127 VII
2006 5066 2145 5131 Gloriosi.

508 5151 562 5224 sis,
598 5150 704 5210 deinde
733 5171 811 5211 anno
842 5155 918 5211 1226
949 5149 1212 5230 paderbornensis,
1247 5156 1322 5211 1227
1429 5190 1459 5256 5)
1480 5186 1655 5241 H„„„„„„,
1668 5186 1704 5241 d,
1719 5184 1818 5259 Sam]
1836 5182 1883 5243 gf,
1898 5183 1923 5253 1,
1940 5187 2067 5247 2420,
2086 5183 2190 5262 (pem

506 5250 721 5309 ultraiectensis
743 5250 886 5309 eeclesiae
907 5250 1001 5308 infula
1016 5257 1134 5308 ornatus
1153 5250 1324 5329 episcopali,
1372 5282 1457 5358 ,rm-9,
1480 5281 1633 5341 Hennam
1654 5302 1713 5341 von
1735 5281 1835 5342 5312&
1876 5281 2022 5360 Kgniggq,
2046 5286 2135 5343 1856,

506 5369 585 5407 “¹¹⁰⁰
618 5351 694 5409 ¹²34
720 5348 747 5408 d·
769 5354 817 5410 ²7·
845 5370 882 5408 ¹¹¹·
904 5349 972 5407 Iulli
1000 5347 1077 5407 diem
1106 5347 1188 5407 ⁰biit·
1230 5346 1324 5407 ΒΜ
1429 5386 1459 5455 6)
1480 5401 1541 5439 eum
1564 5381 1595 5438 in
1617 5382 1740 5439 dicendo
1761 5413 1802 5422 —
1823 5381 1855 5438 ia
1875 5381 2186 5458 aideadoobseraaur]

506 5448 591 5505 mam
609 5444 776 5559 Wilblandi
797 5448 992 5525 fmgmntum
1015 5448 1080 5505 libri
1101 5446 1187 5558 hum?
1209 5446 1248 5506 “d
1266 5448 1323 5506 ω’
1365 5480 1493 5539 Allatius
1520 5479 1583 5538 sive
1610 5479 1752 5538 Nibusius
1786 5477 1972 5537 scribendum
2002 5480 2190 5560 suspicatur:

506 5564 571 5604 cem
592 5545 786 5608 admnxrmus.
819 5546 920 5605 Vitam
940 5545 1097 5606 vernacule
1120 5554 1258 5624 scriptam
1272 5544 1324 5603 ad·

1367 5599 1430 5637 eum
1451 5580 1482 5636 ia
1503 5578 1624 5636 dicende
1645 5579 1777 5637 ordinem
1798 5577 2027 5652 obseruaturos,
2049 5597 2132 5655 quem
2156 5578 2188 5636 ia

506 5642 633 5703 didimus
655 5644 775 5704 editioni
797 5645 896 5724 priori.

1367 5678 1493 5735 aidendo
1529 5677 1692 5738 obseruaui.
1742 5674 1803 5737 Sed
1832 5676 1889 5736 hoc
1920 5675 2061 5736 audacius
2097 5695 2189 5756 quam
2234 5686 2237 5690 ’

570 5781 600 5851 2)
623 5776 754 5852 tumoris]
777 5774 827 5834 Sic
845 5774 1011 5854 legendum,
1033 5798 1060 5838 v.
1076 5776 1220 5837 Estherae
1238 5780 1324 5849 tata
1366 5777 1463 5836 verius
1493 5776 1656 5835 coniectum
1678 5796 1839 5835 censemus.
1882 5775 1946 5835 Nos
1973 5794 2049 5855 quas
2070 5776 2189 5855 scripsi·

505 5896 522 5936 a
545 5874 683 5952 Vulgata.
1367 5896 1446 5949 mus,
1469 5876 1554 5932 amici
1574 5875 1728 5952 sagacitati
1749 5881 1872 5954 accepta
1893 5874 2053 5934 referimus.
