5334 6975
1466 687 1503 750 ts

637 862 716 928 mihi
740 863 855 946 crede,
879 864 1123 930 aBeclsmanno
1145 863 1307 941 Clerico*)
1335 863 1409 929 aliis
1432 873 1588 948 tanquam
1611 864 1724 948 spuria
1745 874 1776 927 et
1799 861 1997 950 interpolata
2016 863 2221 950 repudiatur.
2261 865 2323 930 Est

636 982 720 1044 enim
752 1003 817 1045 non
843 981 937 1067 parvi
967 981 1135 1062 momenti,
1172 981 1200 1044 si
1230 989 1357 1066 spectes
1379 980 1527 1043 criticam
1548 987 1657 1043 textus
1679 980 1853 1060 rationem,
1884 989 1916 1043 et
1938 978 1981 1043 ab
2009 980 2114 1066 ipsius
2135 979 2319 1046 Burohardi

635 1119 732 1161 manu
754 1107 834 1162 orta.

758 1210 835 1276 Mea
856 1213 955 1297 igitur
978 1213 1139 1277 sententia
1162 1213 1209 1275 sio
1231 1209 1476 1276 constituendae
1499 1219 1575 1273 sunt
1596 1220 1734 1297 quatuor
1754 1211 1932 1277 editionum
1951 1212 2087 1278 classes:

718 1326 843 1392 Classis
867 1327 882 1391 l
904 1330 1047 1393 continet
1069 1327 1243 1392 editionem
1265 1328 1447 1414 principem
1470 1324 1675 1391 lubecensem
1699 1327 1776 1390 anni
1803 1333 1888 1395 1475.

721 1441 847 1510 Classis
877 1443 909 1508 lI
938 1443 1095 1509 editiones
1122 1443 1203 1509 XII:
1234 1441 1449 1507 basileensem
1479 1442 1556 1506 anni
1589 1448 1681 1524 1532,
1716 1444 1930 1529 parisiensem
1957 1444 2102 1509 eiusdem
2128 1446 2219 1527 anni,
2250 1456 2319 1510 ant-

803 1581 893 1645 verp.
923 1583 951 1624 a.
978 1567 1073 1642 1536,
1094 1558 1186 1624 basil.
1207 1582 1235 1623 a.
1266 1565 1360 1641 1537,
1390 1560 1490 1645 paris.
1513 1580 1542 1622 a.
1568 1565 1661 1640 1544,
1683 1558 1863 1645 witteherg.
1887 1583 1917 1624 a.
1946 1569 2039 1642 1554,
2062 1559 2155 1625 basil.
2176 1584 2205 1625 a
2231 1569 2318 1643 1555,

801 1674 1066 1760 wittehergenses
1095 1697 1252 1740 annorum
1280 1679 1532 1757 1579511587,
1561 1674 1778 1740 coloniensem
1805 1698 1834 1743 a.
1863 1683 1954 1759 1624,
1986 1676 2155 1742 amstelod.
2176 1699 2205 1742 a
2231 1684 2319 1760 1767,

802 1790 941 1878 denique
964 1800 1112 1856 venetam
1134 1793 1210 1855 anni
1236 1796 1321 1856 1746.

720 1906 845 1974 Classis
877 1906 925 1972 Ill
951 1919 1079 1972 constat
1110 1906 1308 1972 editionibus
1327 1906 1392 1971 lll:
1425 1918 1542 1970 veneta
1571 1908 1647 1971 anni
1674 1914 1767 1989 1519,
1797 1907 2133 1995 magdeburgensibus
2160 1932 2319 1974 annorum

805 2025 881 2090 1587
902 2034 934 2086 et
959 2029 1047 2090 1593.

760 2138 833 2203 Hae
853 2162 965 2203 omnes
987 2141 1132 2204 nituntur
1152 2139 1332 2225 posteriore
1354 2138 1503 2203 codicum
1524 2161 1651 2224 genere.
1694 2139 1791 2204 Prius
1814 2141 1906 2227 sequi
1928 2140 2066 2205 videtur.

717 2253 842 2321 Classis
863 2255 911 2320 IV
933 2254 1110 2321 editionum
1132 2255 1181 2319 11:
1204 2254 1470 2341 ingolstadiensis
1493 2256 1569 2319 anni
1596 2263 1672 2322 16114
1694 2268 1726 2319 et
1746 2258 1985 2343 antuerpiensis
2003 2260 2081 2321 anni
2106 2262 2192 2323 1725.

757 2370 851 2435 Duas
873 2370 1043 2454 editiones,
1064 2373 1277 2458 parisiensem
1298 2373 1375 2436 anni
1403 2377 1479 2436 1719
1502 2382 1534 2436 et
1555 2383 1704 2436 venetam
1724 2374 1801 2436 anni
1826 2379 1912 2456 1722,
1935 2375 1986 2438 cui
2008 2372 2106 2439 classi
2127 2396 2316 2440 annumere-

633 2511 714 2569 mus,
736 2510 810 2551 cum
832 2486 1044 2552 Beckmanno
1065 2488 1261 2572 ignoramus.

715 2603 839 2670 Classis
862 2603 894 2666 ll
920 2603 1184 2687 frequentissima
1211 2615 1243 2668 et
1270 2602 1497 2689 vulgatissima
1524 2604 1592 2669 fere
1621 2604 1701 2668 nihil
1731 2616 1779 2669 est
1809 2607 1871 2669 nisi
1902 2606 2006 2691 ipsius
2028 2604 2211 2670 Burehardi
2240 2605 2316 2672 libri

801 2720 943 2805 epitome
965 2741 1067 2804 euque
1089 2718 1277 2805 depravata.

734 2986 757 3053 ’1
774 2980 828 3047 Qui
846 2984 960 3053 egregio
978 2999 1071 3037 errore
1084 2987 1184 3052 captus
1201 2982 1270 3037 haec
1287 2982 1373 3037 dicit:
1398 2999 1504 3037 comme
1522 2982 1651 3038 lbistoire
1668 2983 1704 3039 de
1721 2984 1750 3038 la
1769 2985 1874 3039 citerna
1891 2984 1928 3038 oti
1945 2984 2054 3050 tomba,
2071 2985 2157 3045 dit-il.
2174 2983 2269 3053 Stella,
2288 2986 2315 3042 lo

630 3063 698 3120 ohel
710 3065 760 3119 des
775 3081 869 3136 mages
890 3067 990 3137 qu’une
1007 3064 1090 3122 etoile
1105 3065 1245 3121 conduisit
1261 3062 1278 3120 b
1296 3066 1447 3122 Bethleem.
1467 3098 1499 3108 -
1519 3067 1574 3122 Sed
1590 3068 1671 3122 515115
1688 3070 1745 3122 rba
1761 3086 1902 3137 magorum
1919 3075 1962 3123 est
1981 3068 2070 3136 stella,
2085 3069 2191 3124 ducens
2209 3087 2314 3142 magos,

632 3165 704 3219 quae
730 3149 758 3202 in
788 3156 901 3219 puteum
932 3150 1060 3205 incidisse
1077 3151 1180 3219 fertur,
1209 3168 1264 3205 non
1288 3151 1330 3205 vir
1354 3151 1464 3205 nomine
1481 3148 1591 3208 Stellae.
1625 3150 2235 3224 01155155551ὓᾱετοροςωρὴῐο
2260 3172 2314 3209 von

631 3229 786 3287 Jerusalem
806 3235 860 3286 und
880 3234 973 3288 seinen
993 3234 1196 3305 Umgebungen
1217 3234 1252 3290 ll.
1271 3238 1412 3291 530-534.
