5334 6975
1290 697 1348 759 163

1175 939 1458 1005 LIBERI.

602 1090 628 1153 1.
650 1090 754 1175 Igitur
765 1100 839 1175 post
852 1087 953 1153 multa
968 1088 1115 1174 pericula
1132 1098 1164 1153 et
1178 1099 1254 1174 post
1266 1089 1384 1154 multas
1399 1090 1635 1176 quassationes,
1650 1110 1730 1172 quas
1743 1089 1778 1151 in
1793 1091 1877 1151 mari
1890 1111 1949 1153 sex
1964 1091 2154 1175 septimanis
2174 1082 2185 1132 ¹

481 1205 748 1287 sustinueramus,
770 1227 854 1269 anno
872 1203 1045 1269 Dominice
1058 1204 1296 1269 Inearnationis
1317 1205 1488 1270 millesimo
1503 1204 1721 1268 ducentesimo
1736 1203 1917 1286 undecimo,
1940 1207 2155 1271 consecratio·

477 1320 529 1384 nis
551 1318 685 1406 gloriosi
708 1322 796 1406 regis
813 1320 1034 1385 Romanorum
1049 1318 1186 1384 Othonis
1208 1321 1304 1385 tertie
1318 1323 1351 1402 ⁷),
1370 1320 1578 1407 pontificatus
1601 1318 1914 1385 dominiInnoeentii
1938 1344 2035 1407 pape,
2056 1322 2154 1403 tertii,

482 1435 607 1501 decimo
630 1438 739 1518 tertie,
765 1436 852 1500 VIII.
874 1435 947 1499 Kal.
971 1434 1171 1520 Septembris
1189 1440 1320 1497 Nartiae
1334 1437 1373 1518 8),
1401 1435 1454 1500 vel
1477 1434 1654 1499 seeundum
1675 1434 1790 1520 uulgus
1810 1438 1986 1514 Atjersen)
2007 1438 2156 1522 perueni-

480 1573 561 1616 mus.
595 1552 668 1617 Hee
688 1563 737 1616 est
757 1553 872 1616 ciuitas
893 1550 981 1615 bona
1002 1559 1035 1614 et
1054 1550 1158 1632 fertis,
1181 1552 1214 1614 in
1234 1550 1343 1615 littore
1364 1552 1465 1615 maris
1487 1550 1558 1632 sita,
1580 1551 1627 1615 ita
1647 1561 1692 1632 ut,
1715 1549 1791 1614 dum
1805 1552 1881 1636 ipsa
1894 1553 1928 1615 in
1945 1548 2190 1638 disposit10ne²

481 1669 522 1731 sit
533 1670 559 1745 b)
582 1666 819 1754 quadrangula,
841 1666 904 1730 duo
926 1666 995 1730 eius
1013 1665 1118 1730 latera
1138 1665 1292 1751 angulum
1315 1668 1543 1731 constituenda
1564 1687 1584 1729 a
1603 1668 1687 1730 mari
1709 1667 1879 1750 cingantur
1902 1679 1934 1732 et
1954 1669 2158 1751 muniantur3

481 1782 607 1870 reliqua
630 1783 693 1848 duo
715 1783 819 1847 latera
839 1783 929 1847 fossa
951 1781 1039 1846 bona
1060 1791 1093 1845 et
1112 1781 1207 1866 larga
1229 1792 1260 1846 et
1281 1781 1445 1868 profunda
1464 1782 1609 1846 funditus
1630 1791 1758 1845 murata
1779 1790 1811 1845 et
1832 1782 1954 1869 duplici
1980 1807 2071 1849 muro
2093 1794 2159 1848 tur·

480 1901 542 1964 rito
565 1899 701 1985 pulchro
723 1899 836 1964 ordine
858 1911 1061 1979 coronantur,
1085 1919 1122 1962 eo
1144 1897 1249 1980 modo,
1274 1907 1310 1962 ut
1332 1900 1422 1983 prior
1444 1920 1556 1962 murus
1580 1899 1646 1961 suis
1669 1919 1742 1961 oum
1762 1898 1905 1963 turribus
1927 1902 2034 1985 ipsam
2042 1910 2066 1978 0)
2089 1922 2157 1966 ma·

481 2025 564 2080 trem
589 2038 653 2080 non
676 2014 908 2080 excedentibus
932 2036 952 2078 a
974 2013 1116 2077 secundo
1140 2024 1171 2077 et
1191 2014 1345 2078 interiore
1366 2036 1469 2094 muro,
1492 2013 1584 2078 euius
1606 2023 1711 2076 turres
1733 2012 1798 2077 alte
1813 2024 1933 2079 suntet
1948 2016 2158 2098 ualidissime,

482 2132 702 2218 prospiciatur
722 2142 754 2195 et
775 2129 984 2196 custodiatur.
1028 2128 1099 2193 Hec
1120 2130 1237 2194 ciuitas
1259 2129 1381 2193 bonum
1410 2138 1443 2193 et
1462 2128 1590 2192 firmum
1619 2128 1718 2192 habet
1738 2141 1884 2213 portum,
1912 2131 2050 2217 pulchra
2071 2131 2192 2197 turre³

484 2248 697 2331 custoditum,
717 2249 751 2311 in
774 2269 838 2334 qua
860 2245 936 2311 olim
958 2244 1046 2330 apud
1068 2245 1204 2329 gentiles
1227 2267 1354 2311 errores
1363 2242 1388 2324 d)
1421 2244 1499 2309 deus
1522 2267 1724 2326 muscarum,
1757 2267 1851 2329 quern
1880 2269 1939 2311 nos
1961 2247 2159 2331 Beelzebub,

485 2365 551 2449 ipsi
571 2363 803 2428 uerercaron
825 2360 1050 2448 appellabant,
1079 2360 1245 2425 colebatur
1261 2362 1315 2441 ¹⁰),
1336 2383 1356 2424 a
1378 2383 1441 2447 quo
1464 2370 1495 2424 et
1515 2362 1590 2444 ipsa
1609 2362 1725 2424 ciuitas
1739 2360 1855 2425 Karon
1870 2362 1922 2426 uel
1936 2362 2104 2442 Akaron0)
2117 2366 2158 2443 11)

486 2490 535 2544 est
553 2481 728 2545 nominata.
772 2478 844 2558 Que
871 2486 945 2563 post
971 2475 1186 2562 perditionem
1212 2485 1299 2540 terre
1327 2486 1438 2540 sancte
1464 2475 1572 2540 multis
1601 2475 1768 2540 laboribus
1796 2487 1940 2542 nostrum
1966 2490 2194 2563 recuperatas

483 2594 637 2681 reliquias
659 2605 770 2659 sancte
789 2592 1006 2673 Hierusalem,
1029 2613 1086 2655 sue
1108 2592 1230 2667 matris,
1251 2590 1404 2655 uidelicet
1425 2591 1590 2656 dominum
1610 2590 1833 2677 patriarcham
1848 2593 1904 2673 ¹²),
1926 2592 2091 2658 dominum
2111 2617 2161 2659 re·

484 2733 557 2798 gem
571 2713 620 2792 ¹³),
642 2711 830 2796 templarios
853 2718 884 2772 et
905 2708 987 2773 alios
1008 2708 1096 2772 uiros
1119 2706 1307 2791 religiosos,
1330 2708 1502 2793 episcopos
1524 2719 1555 2772 et
1577 2708 1731 2790 abbates,
1752 2709 1835 2773 sicut
1856 2707 1961 2773 tidelis
1984 2709 2053 2773 filia
2071 2712 2105 2774 in
2127 2732 2163 2775 se

485 2828 574 2892 fouet
595 2836 627 2891 et
648 2827 775 2890 enutrit.
818 2823 913 2890 Unde
934 2833 966 2888 et
987 2825 1061 2909 ipsa
1081 2845 1167 2887 nunc
1190 2823 1347 2907 temporis
1368 2825 1452 2886 inter
1475 2823 1558 2887 alias
1580 2825 1738 2905 ciuitates,
1760 2823 1878 2910 quibus
1900 2828 2003 2890 nostri
2016 2828 2050 2890 in
2067 2825 2196 2892 Suria5

483 2944 701 3025 dominantur,
723 2939 915 3028 principalis
937 2949 969 3003 ct
990 2940 1163 3024 capitanea
1183 2946 1362 3023 reputatur.
1398 2938 1561 3003 Plurimos
1583 2940 1669 3003 enim
1692 2949 1723 3002 et
1744 2939 1839 3003 ualde
1860 2939 1980 3006 diuites
2002 2945 2035 3007 in
2056 2966 2090 3007 se
2107 2943 2197 3009 hat

485 3059 540 3125 bet
563 3058 779 3124 habitatores:
803 3057 951 3120 Francos
974 3062 1006 3118 et
1027 3054 1173 3135 Latinos,
1198 3052 1323 3117 Grecos
1346 3064 1378 3117 et
1400 3054 1568 3135 Surianes,
1589 3052 1708 3118 Iudeos
1731 3054 1944 3120 ctIaeobinos
1958 3059 2005 3139 ¹⁴),
2029 3081 2165 3144 quorum

487 3174 623 3263 quilibet
644 3197 720 3239 suas
742 3172 830 3258 leges
852 3171 1029 3235 obseruaut
1050 3178 1083 3233 et
1105 3168 1227 3251 colunt3
1249 3168 1383 3253 reliquis
1404 3179 1513 3233 tamen
1532 3171 1597 3256 ipsi
1618 3170 1740 3233 Franci
1762 3178 1794 3232 et
1815 3170 1926 3235 Latini
1947 3173 2165 3241 dominantur.

485 3291 530 3356 Et
551 3290 716 3355 sciendum
724 3338 733 3370 ,
765 3286 852 3374 quod
883 3286 945 3350 hoe
972 3307 1090 3351 nomen
1111 3286 1234 3349 Franci
1260 3284 1351 3369 large
1377 3287 1514 3349 sumitur
1542 3287 1575 3349 iu
1605 3286 1831 3349 transmarinis
1854 3309 1914 3371 pro
1936 3289 2086 3354 omnibus
2107 3293 2197 3374 eis,'1

486 3409 542 3495 qni
563 3428 732 3470 romanam
751 3402 857 3489 legem
879 3399 1063 3468 obseruant.
1108 3400 1240 3465 Suriani
1262 3422 1339 3465 uero
1362 3401 1514 3466 dicuntur
1533 3400 1598 3482 illi,
1626 3402 1681 3487 qui
1708 3399 1749 3463 de
1770 3399 1867 3465 Suria
1898 3406 1967 3467 nati
1990 3418 2198 3472 sarracenos

486 3534 617 3588 utuntur
647 3524 724 3608 [pro]
754 3519 907 3584 idiomate
936 3528 967 3582 et
1001 3539 1099 3603 greco
1128 3541 1188 3604 pro
1216 3517 1325 3581 latino.
1371 3516 1549 3583 Christiani
1575 3527 1649 3582 sunt
1677 3528 1708 3582 et
1730 3528 1862 3583 seruant
1882 3519 1986 3604 legem
2006 3522 2099 3587 Pauli
2115 3526 2198 3607 15),1)

485 3641 571 3705 sieut
593 3639 701 3703 Greci.

552 3806 580 3868 a)
601 3801 626 3854 B
646 3806 675 3854 et
691 3799 741 3853 Ed.
761 3796 864 3851 habent
883 3796 985 3866 Aljers.
1010 3827 1042 3836 —
1070 3795 1099 3864 b)
1117 3804 1156 3851 est
1173 3799 1270 3865 quadr.
1290 3797 1342 3850 Ed.
1359 3799 1397 3851 sit
1412 3797 1444 3852 B.
1467 3830 1497 3838 -
1521 3801 1548 3863 c)
1562 3798 1647 3867 prior
1668 3815 1760 3850 muna
1776 3798 1848 3851 sitast
1864 3799 1951 3852 tributa
1969 3800 2059 3869 ipsura
2076 3801 2164 3855 BEd.

620 3884 699 3949 Quae
717 3881 877 3936 coniectura
894 3879 1108 3934 emendavimus.
1124 3910 1156 3919 —
1172 3880 1201 3949 d)
1222 3897 1332 3935 erroraes
1350 3880 1401 3938 Ed.
1420 3897 1527 3935 erro-res
1543 3879 1576 3935 Β,
1589 3911 1622 3919 -
1640 3882 1665 3947 e)
1680 3880 1703 3933 B
1717 3886 1746 3934 et
1757 3880 1807 3934 Ed.
1821 3899 1863 3950 pr.
1884 3881 1989 3937 habeut
2003 3885 2105 3938 Heron
2121 3885 2167 3938 uel

620 3968 743 4020 Alteros.
778 3964 858 4029 Quod
875 3963 1050 4019 correximus.

554 4160 583 4230 7)
606 4154 837 4213 consecrationis
856 4185 895 4194 —
921 4150 1043 4209 Ottonis
1065 4151 1160 4226 tertio]
1182 4151 1239 4210 Die
1256 4154 1303 4210 27.
1346 4151 1376 4207 in
1406 4170 1478 4209 saxo
1507 4149 1621 4208 sedens.
1676 4148 1713 4208 V.
1744 4149 1878 4206 blionnet
1910 4148 2089 4229 description
2115 4151 2169 4213 des

485 4277 524 4316 m.
548 4253 628 4332 Sept.
651 4272 728 4310 anno
755 4255 830 4311 1209
861 4249 898 4309 ab
920 4248 1093 4307 Innocentio
1114 4249 1164 4307 III
1185 4268 1304 4307 corona·
1346 4246 1500 4307 medailles
1534 4248 1668 4325 antiques
1696 4246 1732 4305 V.
1756 4254 1824 4308 476.
1868 4247 1914 4308 cf.
1943 4248 2038 4309 liitter
2059 4249 2167 4330 Geogr.

487 4363 534 4413 tus
557 4360 620 4412 erat
641 4350 710 4409 Otto
731 4350 776 4409 IV
798 4351 963 4427 imperator,
985 4345 1039 4406 sed
1063 4367 1140 4405 anno
1165 4351 1241 4407 1210
1265 4346 1304 4405 ab
1345 4345 1432 4409 XVI.
1457 4352 1524 4408 728.
1558 4344 1694 4404 Ceterum
1716 4347 1904 4425 scriptionem
1924 4348 2097 4407 tralaticiam
2117 4353 2168 4410 Ar-

487 4452 592 4514 eodem
620 4469 699 4529 papa
727 4448 914 4508 anathemate
939 4448 1026 4506 ictus.
1066 4444 1127 4520 Qui
1149 4465 1219 4523 ergo
1241 4445 1304 4505 fieri
1338 4448 1407 4519 jere
1446 4446 1477 4503 in
1503 4445 1597 4502 Alere
1629 4445 1821 4520 mutavimus,
1857 4444 1935 4504 ducti
1970 4447 2071 4508 codice
2097 4449 2169 4508 Bur-

487 4557 617 4632 poterat,
641 4557 674 4607 ut
700 4548 857 4607 canonieus
881 4547 1085 4625 imperatorem
1107 4545 1304 4604 excommuni-
1345 4543 1451 4618 ohardi¹
1470 4545 1637 4615 viennensi,
1664 4546 1714 4625 qui
1746 4563 1810 4622 cap.
1833 4543 1865 4603 ΙΙ
1889 4543 1989 4603 habet:
2016 4547 2115 4624 ΑΙεοπ,
2140 4550 2172 4608 in

487 4659 585 4710 catum
606 4648 765 4726 gloriosum
787 4644 990 4725 praedicaret?
1013 4642 1083 4723 quid
1105 4663 1212 4703 causae
1235 4651 1306 4711 erat,
1348 4651 1483 4701 ruaterna
1505 4645 1608 4720 linqua
1629 4644 1733 4703 Altero.

489 4771 540 4809 eur
575 4767 642 4808 eum
672 4747 790 4805 omnino
817 4741 1078 4804 commemoraret?
1114 4740 1307 4801 Wilbrandus
1418 4764 1466 4835 10)
1488 4763 1558 4818 dens
1580 4778 1747 4817 ‚suecorum
1762 4791 1801 4800 -
1815 4760 1953 4817 Accaron
1968 4762 2171 4839 appellabant]

488 4868 578 4928 quum
609 4853 687 4906 esset
707 4842 949 4902 hildeshemensis
977 4842 1119 4902 eeclesiae
1142 4841 1309 4914 canonicus,
1353 4859 1476 4921 constat
1497 4877 1603 4916 nomen
1632 4864 1701 4936 pepp
1721 4856 1802 4916 urbis
1823 4877 1903 4932 esse,
1930 4879 1990 4918 non
2012 4858 2068 4921 dei.
2111 4859 2171 4921 Sed

490 4946 608 5007 Ottonis
643 4943 725 5002 ducis
756 4941 973 5001 brunsvicensis
1007 4960 1026 4998 a
1061 4937 1193 5019 partibus
1223 4940 1311 5012 stetit,
1354 4958 1391 5019 cf,
1412 4958 1615 5016 Thjetmamm
1637 4955 1661 5015 Ι,
1688 4961 1700 5015 1
1725 4977 1753 5035 p,
1776 4960 1804 5018 2,
1827 4961 2047 5018 30t110t,23‚

489 5047 560 5125 quin
588 5044 675 5103 etiam
705 5060 797 5100 cernes
824 5039 1032 5110 Wilbrandus,
1067 5038 1261 5097 illustrissima
1281 5046 1310 5096 et
1415 5061 1464 5131 11)
1492 5054 1625 5131 Apum]
1659 5054 1715 5115 Est
1736 5048 1886 5133 Ἀκαρών,
1912 5048 2065 5132 Ἀκκαρών
2092 5058 2173 5138 apud

490 5142 713 5204 bellicosissima
756 5137 863 5196 dueum
904 5137 1182 5215 oldenburgensium
1222 5144 1310 5215 gente
1353 5157 1445 5218 LXX
1466 5156 1509 5215 Π,
1532 5155 1606 5231 ch.
1631 5159 1655 5213 1·
1678 5157 1696 5212 2
1719 5161 1749 5212 e,
1769 5153 1847 5213 alibi·

491 5240 640 5313 oriundus,
662 5238 779 5297 Ottonis
798 5238 981 5316 imperatoris
995 5236 1110 5314 legatus
1126 5233 1189 5307 fuit,
1211 5252 1310 5312 quam·
1420 5274 1467 5344 12)
1489 5272 1636 5327 dominum
1654 5267 1874 5342 Ραεήαηῇαω]
1896 5265 2060 5328 Albenum·
2103 5269 2172 5332 vid·

489 5360 593 5421 quam,
616 5357 692 5418 quae
709 5334 849 5395 mandata
882 5335 1033 5408 habuerit,
1063 5334 1169 5393 frustra
1198 5333 1312 5411 quaesi·
1354 5368 1479 5428 ΜΘΗ
1500 5364 1678 5426 Geschichw
1702 5364 1755 5425 der
1774 5365 1957 5441 Krenai-,go
1977 5364 2031 5427 VI·
2054 5372 2102 5430 89·

490 5441 594 5500 vim·
639 5436 731 5547 Cfssl·
754 5439 781 5495 ²·
807 5440 831 5495 Ῑ·
1421 5470 1470 5540 13)
1493 5468 1639 5523 dorninuru
1662 5464 1767 5540 rupem]
1791 5462 1955 5522 Iohannem
1977 5463 2016 5525 de
2036 5466 2174 5529 Brienne.

555 5543 585 5613 8)
611 5534 752 5648 Naclfml
789 5532 907 5592 ΝΟΜ
933 5539 1117 5611 “mptum’
1149 5536 1243 5587 ‘mum
1273 5548 1311 5589 ⁰¹
1418 5569 1466 5637 14)
1487 5564 1653 5639 Iacebiaos]
1668 5563 1825 5634 Iaeobitas,
1839 5562 1968 5621 asseclas
1982 5562 2084 5624 Iaeobi
2098 5565 2175 5626 Zan-

491 5635 586 5696 ΑΜ·
624 5634 670 5723 Cf?
692 5633 768 5694 Ιώ
789 5654 812 5692 ⁰·
828 5633 869 5693 Π·
894 5636 928 5692 ¹3
953 5640 983 5690 οι
1006 5636 1053 5690 ¹5·
1076 5636 1106 5688 οἵ
1127 5635 1227 5686 mm
1244 5632 1309 5690 ¹86·
1354 5664 1427 5736 nali,
1454 5663 1483 5723 el
1503 5661 1632 5721 Baradai
1655 5662 1861 5739 cognominati
1904 5660 1952 5721 cf.
1973 5661 2174 5725 Burcbardum

554 5754 585 5824 9)
613 5749 732 5826 Alcjers]
770 5749 910 5806 Fortasse
938 5756 983 5806 est
1010 5745 1090 5805 arab.
1107 5750 1228 5849 75⁸0,
1249 5744 1312 5804 sive
1352 5763 1426 5843 μοι,
1449 5784 1478 5841 Ρ,
1501 5767 1539 5823 20
1560 5781 1602 5841 ,4

490 5867 659 5941 dedeclar,
678 5866 818 5940 hedsctr,
839 5883 956 5936 saxum,
978 5883 1067 5942 quum
1088 5865 1117 5922 in
1138 5862 1233 5920 numis
1253 5860 1313 5920 Ro·
1422 5863 1469 5934 15)
1489 5872 1615 5918 seruent
1635 5864 1723 5936 lupera
1744 5858 1845 5934 Pauli]
1867 5858 2032 5917 Pauliciani
2054 5859 2111 5920 dici
2132 5863 2176 5922 vi·

493 5983 646 6023 manorum
673 5966 800 6044 antiquis
823 5961 949 6023 Colonia
968 5961 1130 6022 Ptolemais
1152 5962 1190 6021 sit
1210 5960 1313 6020 mulier
1354 5960 1468 6022 dentur.
1512 5957 1574 6020 Sed
1596 5958 1632 6020 ef.
1652 5958 1805 6018 Robinson
1825 5957 1885 6017 III.
1909 5960 1967 6017 738
1987 5979 2052 6039 sqq.

1911 6070 1963 6122 21⁸
