5334 6975
553 1818 744 1895 INCIPIT
769 1814 1095 1893 ITINERARIUS
1122 1815 1334 1891 FRATRIS
1357 1817 1580 1904 RICOLDI,
1607 1817 1812 1893 ORDINIS
1839 1818 2085 1894 FRA'IRUM

1108 1951 1519 2028 PREDICATORUM.
2168 1955 2175 1964 ’

605 2215 687 2282 Cum
707 2237 777 2300 ego,
799 2216 899 2278 frater
917 2215 1086 2298 Rieoldus,
1114 2218 1263 2280 minimus
1286 2220 1319 2280 in
1341 2215 1453 2281 ordine
1475 2215 1732 2301 predicatorum,
1763 2220 1976 2304 recogitarem
1999 2220 2179 2306 frequen-l

480 2344 531 2398 ter
551 2330 969 2417 incomprehensibilitatem
982 2334 1003 2410 ¹)
1030 2342 1062 2396 et
1082 2334 1295 2396 intensionem
1317 2331 1419 2396 diuini
1441 2333 1560 2395 amoris
1590 2332 1631 2395 ad
1653 2353 1755 2416 genus
1773 2332 1961 2415 humanum,
1991 2335 2077 2422 quod
2101 2338 2148 2399 sic

480 2447 572 2512 Deus
594 2446 708 2511 dilexit
728 2445 896 2527 mundum,
917 2458 953 2510 vt
973 2447 1092 2511 Filium
1115 2447 1213 2511 Suum
1235 2447 1444 2533 Vnigenitum
1467 2448 1576 2528 daret,
1608 2458 1639 2510 et
1659 2448 1729 2533 ipse
1749 2448 1909 2513 Altissimi
1932 2450 2035 2516 Filius
2057 2475 2149 2515 suam

481 2564 782 2651 peregrinacionem
804 2561 974 2647 diligenter
992 2562 1086 2627 nobis
1108 2563 1150 2626 ad
1172 2564 1360 2627 memoriam
1383 2562 1561 2644 reduceret,
1584 2573 1619 2625 vt
1641 2585 1680 2627 ea
1701 2586 1765 2628 non
1788 2587 1931 2630 essemus
1947 2568 2078 2651 ingrati,
2101 2565 2149 2629 di-

482 2703 575 2746 ccns:
600 2684 712 2756 „Exivi
732 2703 751 2739 a
774 2684 867 2739 Patre
889 2690 917 2739 et
937 2683 1005 2740 veni
1029 2685 1061 2740 ia
1079 2680 1278 2757 mandom·‘²)‚
1306 2691 1337 2742 et
1363 2680 1524 2764 quomodo
1548 2680 1649 2742 eciam
1675 2687 1771 2744 natus
1793 2703 1919 2767 pauper
1940 2692 1972 2746 et
1994 2681 2148 2768 paruulus

481 2797 543 2861 cito
574 2817 634 2859 nee
662 2794 724 2858 sibi
753 2816 812 2857 nee
838 2795 934 2857 matri
962 2795 1108 2880 pepercit
1129 2793 1267 2878 alonge
1290 2806 1322 2858 et
1348 2794 1513 2859 laboriosa
1542 2796 1828 2880 peregrinacione,
1858 2797 1916 2861 sed
1942 2821 2014 2862 cum
2047 2806 2150 2861 matre

478 2933 623 2999 paupere
652 2920 683 2973 et
711 2931 786 2973 sene
817 2907 925 2973 baiulo
954 2912 1178 2994 peregrinatus
1210 2913 1314 2973 estin
1338 2909 1507 2995 Egipturn‚
1540 2921 1575 2973 vt
1602 2910 1728 2993 fugeret
1749 2911 1953 2978 aduersarios
1976 2935 2069 2993 suos,
2100 2915 2151 2975 cui

479 3050 543 3093 non
568 3029 673 3090 inerat
700 3047 798 3090 eausa
824 3026 964 3088 timoris:
995 3024 1140 3104 decreui,
1167 3023 1252 3110 quod
1281 3037 1366 3089 esset
1398 3026 1494 3090 michi
1517 3025 1611 3090 ualde
1631 3028 1896 3111 ignominiosum,
1931 3027 2052 3115 quod³)
2075 3037 2151 3112 post

479 3154 527 3208 tot
553 3142 709 3207 beneficia
741 3150 908 3226 suscepta,
938 3162 1000 3225 que
1022 3138 1107 3203 solus
1130 3142 1200 3225 ipse
1221 3142 1327 3222 nouit,
1351 3144 1404 3226 qui
1428 3163 1478 3204 me
1503 3144 1634 3205 vocauit
1655 3153 1687 3204 et
1709 3145 1894 3227 segregauit
1916 3142 1955 3206 de
1975 3142 2095 3206 mundo
2118 3153 2150 3205 et

480 3258 656 3344 assumpsit
677 3257 719 3321 ad
740 3266 863 3320 tantum
886 3255 1046 3336 ordinem,
1074 3267 1108 3318 vt
1129 3278 1232 3320 essem
1255 3259 1346 3320 testis
1368 3266 1399 3320 et
1420 3257 1604 3342 predicator
1626 3259 1741 3343 ipsius,
1760 3259 1857 3333 nisi⁴)
1879 3259 2055 3341 cogitarem
2077 3260 2148 3322 vias

480 3396 568 3438 meas
592 3384 623 3437 et
644 3386 865 3437 conuerterem
886 3371 985 3457 pedes
1008 3393 1096 3435 meos
1119 3373 1152 3435 in
1173 3374 1356 3437 testimonia
1372 3396 1439 3437 sua.
1482 3373 1649 3457 Cogitaui,
1677 3374 1828 3457 inquam,
1849 3396 1912 3437 non
1940 3395 2010 3437 esse
2036 3383 2183 3455 tutum,2

480 3491 566 3579 quod
595 3512 654 3575 ego
684 3490 779 3574 longo
799 3500 944 3574 ternpore
965 3486 1111 3551 sederem
1131 3498 1163 3552 et
1185 3491 1312 3553 ociosus
1341 3513 1444 3554 essem
1471 3504 1504 3554 et
1530 3512 1594 3553 non
1623 3487 1795 3575 probarem
1822 3489 1943 3574 aliquid
1970 3489 2010 3553 de
2038 3487 2150 3554 labore

480 3608 683 3694 paupertatis
704 3616 736 3669 et
755 3604 850 3689 longe
878 3605 1169 3688 peregrinacionis3
1199 3608 1342 3670 maxime
1364 3629 1435 3670 eum
1455 3608 1488 3670 in
1509 3616 1614 3670 mente
1636 3627 1708 3668 mea
1728 3604 1947 3686 reuoluerem,
1982 3626 2063 3691 quas
2083 3604 2149 3669 lon-

480 3745 539 3809 gas
561 3734 592 3786 et
613 3720 794 3785 laboriosas
826 3720 1107 3805 peregrinaciones
1130 3744 1369 3806 assumpseram
1392 3722 1498 3787 adhuc
1519 3720 1673 3786 secularis
1688 3721 1840 3801 existens,
1863 3733 1898 3784 vt
1913 3720 2116 3785 addiscerem
2128 3724 2152 3800 ⁵)

479 3838 551 3904 illas
568 3837 729 3903 seculares
745 3837 911 3913 scienciae,
933 3858 1013 3920 quas
1028 3835 1178 3900 liberales
1196 3837 1371 3923 appellant.
1415 3837 1573 3923 Suscepta
1594 3839 1692 3923 igitur
1715 3835 1904 3900 obediencia
1926 3836 2050 3900 domini
2067 3860 2153 3924 pape
2171 3860 2186 3909 3

479 3955 640 4019 mediante
669 3953 825 4037 magistro
853 3950 975 4015 ordinis
996 3953 1156 4037 incipiens
1176 3955 1475 4038 peregrinacionem
1504 3954 1623 4016 traniui
1651 3974 1756 4031 mare,
1788 3963 1824 4014 vt
1849 3951 1922 4014 loca
1953 3951 2009 4016 illa
2040 3976 2152 4039 eorpo-

479 4069 590 4134 raliter
616 4069 775 4147 viderem,
806 4090 867 4153 que
888 4066 1039 4132 Christus
1062 4067 1273 4152 corporaliter
1295 4071 1455 4149 visitauit,
1489 4080 1521 4132 et
1548 4069 1690 4131 maxime
1711 4066 1832 4147 locum,
1861 4069 1895 4129 in
1923 4090 1985 4153 quo
2014 4091 2074 4155 pro
2104 4092 2153 4133 sa·

404 4226 407 4233 ·
479 4185 543 4250 lute
572 4184 703 4248 humani
731 4184 858 4267 generis
888 4184 969 4246 mori
993 4181 1231 4267 dignatusest,
1261 4194 1295 4247 vt
1316 4185 1472 4247 memoria
1493 4184 1652 4269 passionis
1676 4185 1742 4246 eius
1765 4184 1799 4245 in
1819 4193 1926 4246 mente
1946 4206 2019 4247 mea
2041 4186 2153 4270 impri,

478 4310 618 4365 moretur
639 4301 794 4380 tenacius,
815 4310 847 4362 et
869 4299 1000 4382 sanguis
1022 4296 1144 4363 Christi
1167 4320 1227 4383 pro
1250 4298 1352 4362 salute
1373 4309 1484 4362 nostra
1506 4299 1624 4362 effusus
1647 4308 1731 4363 esset
1753 4297 1850 4362 michi
1870 4298 1970 4363 robur
1991 4310 2023 4362 et
2044 4298 2153 4364 firma·
2186 4316 2189 4322 '

478 4426 620 4481 mentum
641 4414 683 4478 ad
705 4414 939 4501 predicandum
966 4424 998 4476 et
1016 4411 1215 4476 moriendum
1238 4436 1296 4498 pro
1319 4413 1385 4495 illo,
1407 4417 1461 4498 qui
1483 4414 1580 4479 michi
1600 4438 1658 4478 sua
1680 4425 1782 4479 morte
1804 4416 1906 4477 vitain
1928 4413 2071 4479 donauit.

1135 4843 1159 4906 l.
1204 4843 1265 4907 DE
1289 4843 1496 4908 GALILEA.

605 4994 689 5058 Veni
713 4995 813 5079 igitur
843 4995 877 5056 in
897 4997 1011 5066 Areon,
1039 5003 1070 5055 ot
1090 4990 1166 5055 inde
1193 4993 1307 5057 itinere
1333 4993 1399 5059 diei
1419 4995 1514 5058 vnius
1534 4994 1649 5078 viginti
1672 4991 1812 5056 miliaria
1834 5015 1906 5055 eum
1930 4991 2037 5055 multis
2060 4993 2183 5061 Chri-1

479 5111 593 5174 stianis
625 5111 700 5173 veni
720 5111 754 5172 in
778 5112 932 5171 Calilcam.
975 5107 1019 5170 Et
1039 5109 1144 5193 primo
1167 5111 1373 5194 peruenimus
1401 5108 1444 5173 ad
1468 5112 1636 5185 suanamt)
1659 5112 1789 5184 Gallice,
1818 5106 1875 5170 vbi
1898 5105 2048 5172 Christus
2076 5108 2186 5175 l'ecit2

479 5227 611 5290 inicium
632 5227 813 5310 signorum,
844 5244 961 5308 aquam
992 5224 1209 5287 conuertendo
1237 5226 1270 5289 in
1297 5227 1417 5289 vinum.
1460 5226 1521 5290 Est
1543 5206 1648 5288 autern
1671 5222 1786 5289 Charra
1807 5221 1932 5286 Calilee
1961 5233 2077 5306 quarto
2100 5224 2186 5292 vela

479 5342 591 5428 quinto
615 5340 754 5405 miliario
777 5361 797 5403 a
817 5337 989 5402 Nazareth.
1030 5338 1080 5401 Ibi
1103 5350 1197 5404 extra
1219 5339 1324 5404 casale
1347 5343 1527 5405 inuenimus
1548 5353 1688 5427 puteum,
1710 5338 1795 5404 vnde
1815 5339 1954 5402 ministri
1977 5338 2186 5409 hauserunts

478 5478 597 5543 aquam
618 5456 789 5542 implentes
810 5453 933 5540 ydrias.
977 5453 1027 5518 Ibi
1049 5455 1229 5519 inuenimus
1251 5454 1356 5520 locum
1377 5458 1569 5543 nupciarum
1597 5467 1630 5520 et
1646 5455 1718 5520 loca
1741 5464 1773 5518 et
1793 5453 1949 5518 formulas
1971 5455 2185 5540 ydriarum.5

477 5571 529 5636 Ibi
555 5576 757 5636 cantauimus
788 5581 819 5634 et
848 5567 1087 5656 predicauimns
1123 5571 1325 5656 euangelium
1356 5575 1556 5658 nupciarum.
1612 5571 1662 5636 Ibi
1689 5571 1802 5654 rogaui
1831 5568 2016 5652 Christum,
2055 5556 2186 5672 quod?

545 5778 572 5850 1)
595 5773 668 5835 Cod.
690 5771 740 5834 C:
764 5771 1114 5848 incomprehensibilitate.
1401 5779 1431 5847 4)
1453 5774 1520 5849 nior]
1543 5775 1605 5832 Iam
1624 5773 1785 5853 praecessit
1805 5773 1969 5832 coniunctio
1995 5775 2080 5848 quod.

542 5876 572 5947 2)
594 5874 650 5933 nv.
668 5872 740 5932 Joh.
763 5875 812 5943 26,
834 5875 881 5931 28.
1401 5877 1432 5938 5)
1455 5870 1528 5932 cod.
1549 5871 1584 5930 G.
1608 5874 1776 5930 ediscerem.

543 5974 574 6046 3)
596 5973 685 6049 quod]
710 5972 816 6032 melius
837 5970 905 6027 nisi.
1401 5975 1431 6043 6)
1454 5969 1526 6030 Cod.
1550 5969 1586 6032 C.
1612 5972 1734 6030 Canem.

1906 6084 1939 6134 1⁴
