5334 6975
1700 669 1711 702 Ι

1411 690 1553 757 ,38

700 869 847 947 1200191),
868 870 982 929 nomine
1003 868 1063 929 Iob.
1108 863 1245 931 Glossa:
1264 866 1377 947 Aram,
1398 879 1490 952 pater
1513 867 1684 952 Syrorum,
1707 868 1762 954 qui
1783 865 1926 931 condidit
1947 866 2147 932 Damascum
2169 880 2200 933 et
2222 868 2362 956 Syriam,

700 985 809 1069 genuit
830 982 912 1063 Hus,
936 980 1134 1045 conditorem
1156 980 1372 1046 Traconitidis
1395 982 1544 1067 regionis.
1579 981 1643 1045 Hic
1663 984 1746 1046 inter
1768 981 1966 1067 Gelesyriam
1991 992 2021 1045 et
2042 981 2237 1047 Palestinam
2258 986 2363 1049 tenuit

701 1101 926 1187 principatum.
970 1096 1041 1177 Que
1068 1108 1156 1160 terra
1183 1095 1225 1161 ab
1257 1119 1294 1161 eo
1316 1108 1404 1162 terra
1424 1097 1495 1160 Hus
1517 1106 1567 1161 est
1588 1096 1682 1161 dicta.
1726 1097 1834 1161 Unde:
1867 1099 1918 1162 uir
1947 1107 2016 1161 erat
2036 1099 2070 1161 in
2092 1109 2178 1162 terra
2198 1098 2268 1164 Hus
2291 1101 2362 1164 siue

699 1216 733 1279 In
754 1216 883 1300 regione
905 1211 1096 1276 Husitidis.“

822 1329 917 1393 Hanc
931 1330 986 1405 199)
1015 1327 1130 1391 habuit
1151 1326 1321 1415 Philippus
1348 1326 1526 1408 tetrarcha,
1562 1328 1643 1390 sicut
1672 1338 1703 1391 et
1725 1328 1894 1410 Ytuream,
1925 1349 1986 1413 que
2015 1339 2063 1392 est
2089 1330 2170 1393 citra
2196 1329 2361 1414 regionem

699 1444 847 1510 Iordanis
870 1443 912 1508 ad
932 1443 1130 1508 occidentem
1151 1465 1252 1528 usque
1274 1442 1316 1505 ad
1339 1452 1462 1507 montes
1485 1441 1690 1507 Sidoniorum
1713 1453 1745 1507 et
1766 1442 1940 1529 Tyriorum
1962 1455 1995 1508 et
2015 1443 2269 1525 Acconensium,
2299 1467 2361 1531 que

698 1560 885 1625 Pheniciam
913 1559 954 1624 ab
983 1561 1056 1646 ipso
1086 1557 1251 1639 diuidunt,
1279 1569 1345 1622 tam
1367 1559 1400 1621 in
1421 1560 1483 1622 ista
1506 1559 1605 1622 tercia
1626 1557 1800 1640 diuisione,
1829 1579 1925 1643 quam
1946 1560 1980 1623 in
2001 1558 2185 1644 precedenti
2207 1558 2360 1640 secunda,

699 1688 731 1742 et
751 1676 940 1741 terminatur
961 1677 995 1739 in
1015 1674 1142 1739 Libano
1165 1674 1207 1738 ad
1228 1673 1426 1761 aquilonem,
1455 1676 1487 1738 in
1508 1673 1646 1738 Iordane
1668 1674 1709 1738 ad
1734 1676 1903 1754 orientem,
1925 1675 1959 1737 in
1978 1675 2061 1738 mari
2083 1671 2207 1739 Galilee
2230 1673 2273 1738 ad
2294 1696 2359 1738 me

699 1792 831 1873 ridiem,
854 1793 888 1855 in
907 1791 1068 1856 montibus
1089 1790 1241 1855 Phenicie
1263 1789 1306 1854 ad
1325 1788 1533 1853 occidentem.

1195 1986 1272 2052 ch
1294 1986 1458 2053 INCIPIT
1481 1985 1664 2065 QUARTA
1685 1986 1863 2051 DIUISIO.

667 2169 678 2217 1
823 2139 862 2202 V.
904 2137 1030 2217 Quarta
1052 2137 1168 2202 diuisio
1190 2138 1305 2221 Incipit
1326 2134 1368 2199 ab
1391 2136 1502 2200 Accon
1524 2146 1554 2200 et
1574 2136 1720 2222 procedit
1743 2136 1863 2201 directe
1885 2146 1997 2200 contra
2018 2141 2172 2202 orientem
2194 2139 2283 2200 iuxta
2306 2159 2359 2201 ca·

700 2266 801 2321 strum
825 2253 959 2340 Sephet,
987 2253 1067 2318 illud
1089 2253 1271 2339 relinquens
1301 2251 1343 2316 ad
1364 2253 1536 2315 siuistram.
1578 2251 1712 2317 Transit
1731 2252 1806 2317 inde
1828 2255 1860 2317 in
1880 2250 1988 2316 littore
2016 2254 2116 2317 maris
2138 2251 2262 2317 Galilee
2283 2262 2359 2317 ante

700 2374 872 2452 ciuitatem,
895 2391 957 2453 que
978 2368 1096 2433 dieitur
1121 2368 1369 2454 Capharnaum,
1390 2379 1464 2431 aute
1484 2367 1604 2449 Iocum,
1627 2367 1681 2431 ubi
1704 2367 1863 2431 Dominus
1884 2367 2047 2432 Matheum
2069 2369 2199 2433 uocauit
2220 2366 2260 2431 de
2281 2366 2360 2432 telo-

699 2489 770 2569 nio,
797 2488 887 2551 cuius
915 2485 1028 2549 domus
1055 2494 1087 2548 et
1117 2484 1207 2549 Iocus
1230 2485 1384 2548 sessionis
1394 2497 1418 2560 ³)
1445 2483 1540 2548 hodie
1559 2482 1604 2547 ibi
1627 2485 1767 2548 cernitur
1789 2485 1822 2547 in
1843 2493 1944 2547 strata
1964 2485 2063 2567 regia.
2107 2483 2186 2548 Inde
2208 2482 2293 2548 ultra
2315 2485 2359 2548 ri—

698 2627 773 2668 uum
794 2602 944 2667 Iordanis
967 2600 1009 2664 ad
1031 2612 1184 2664 montana
1204 2598 1349 2663 Hermon
1372 2598 1566 2664 conscendit.

824 2716 906 2782 Sunt
927 2726 1034 2779 autem
1055 2718 1088 2778 iu
1110 2715 1171 2779 hac
1194 2715 1353 2778 diuisione
1375 2716 1522 2778 ciuitates
1541 2715 1610 2778 iste.

664 2867 678 2913 ‘2
821 2832 931 2895 Prima
962 2843 1037 2917 post
1056 2830 1168 2895 Accon
1190 2830 1233 2894 ad
1255 2832 1394 2917 quinque
1415 2829 1523 2893 leucas
1545 2844 1593 2893 est
1615 2830 1768 2911 meeleb),
1798 2829 1884 2913 quod
1911 2829 2030 2894 dicitur
2044 2830 2102 2907 ²⁰⁰)
2124 2833 2273 2909 Sanpeor,
2301 2827 2358 2894 ubi

696 2948 781 3012 idem
803 2957 933 3011 sanctus
957 2946 1098 3011 creditur
1120 2947 1219 3010 titisse
1240 2947 1409 3021 natus²⁰¹).
1443 2945 1488 3009 Et
1508 2958 1558 3010 cst
1579 2948 1673 3010 situm
1696 2948 1779 3010 inter
1800 2957 1961 3027 montana,
1982 2946 2014 3008 iu
2030 2944 2113 3009 ualle
2130 2946 2244 3031 pingui
2258 2943 2357 3010 ualde

696 3073 727 3127 et
755 3061 854 3127 fertili
882 3072 914 3126 et
941 3084 1063 3127 amena.
1107 3061 1178 3142 Que
1206 3063 1363 3126 amenitas
1385 3060 1587 3147 protenditur
1617 3083 1718 3147 usque
1746 3062 1787 3126 ad
1821 3083 1910 3125 marc
1932 3060 2064 3125 Galilee.
2106 3060 2151 3124 Et
2175 3061 2235 3125 fuit
2262 3059 2359 3125 uallis

696 3179 791 3243 sortis
811 3177 963 3256 Aser²⁰²)
991 3200 1092 3265 usque
1120 3179 1212 3241 iuxta
1234 3176 1354 3262 Sephet
1375 3200 1433 3262 per
1454 3177 1565 3242 docem
1590 3178 1657 3241 fere
1683 3177 1800 3242 leucas.
1841 3175 1885 3241 Et
1906 3187 2039 3263 propter
2060 3181 2127 3240 eius
2150 3175 2357 3240 amenitatem

694 3293 739 3359 ad
758 3293 899 3359 litteram
920 3293 985 3357 dici
1008 3304 1135 3379 poterat
1157 3292 1236 3356 illud
1259 3291 1395 3356 Genesis
1418 3292 1528 3356 XLIX
1538 3295 1613 3364 ²⁰³l:
1641 3299 1718 3355 Aser
1742 3298 1863 3374 pinquis
1891 3297 1952 3355 eius
1980 3297 2072 3372 panis
2092 3304 2119 3354 el
2136 3295 2264 3372 prolem
2285 3296 2357 3354 deli·

695 3415 758 3472 cios
779 3414 904 3491 1091000,
948 3408 1044 3490 Quod
1066 3412 1175 3496 utique
1197 3407 1397 3472 ucrificatum
1418 3409 1477 3472 fuit
1500 3410 1533 3472 in
1555 3421 1641 3474 sorte
1661 3410 1763 3474 tribus
1785 3410 1887 3473 huius.

661 3544 677 3594 3
818 3525 898 3592 Inde
929 3525 971 3589 ad
999 3535 1134 3611 quatuor
1165 3525 1274 3589 leucas
1305 3538 1418 3589 contra
1446 3536 1590 3590 austrum
1614 3527 1698 3608 fere,
1733 3526 1789 3591 sed
1816 3524 2006 3590 declinando
2034 3522 2217 3610 aliqualiter
2243 3531 2359 3587 contra

696 3644 851 3709 orientem
872 3651 920 3705 est
943 3640 1020 3704 uilla
1041 3642 1236 3718 Naosonlll)
1258 3640 1298 3704 de
1319 3639 1408 3703 tribu
1429 3641 1600 3727 NeptaIIm,
1622 3644 1655 3706 in
1677 3641 1760 3706 ualle
1782 3643 1853 3706 sita
1898 3641 1950 3705 De
1972 3664 2035 3728 qua
2056 3640 2172 3725 legitur
2193 3639 2227 3702 in
2242 3636 2358 3703 Tobia.

761 3822 789 3890 a)
807 3821 882 3875 loeo
899 3828 924 3874 el
942 3821 1037 3874 deiram
1052 3820 1182 3874 00101ῗο010
1199 3817 1238 3873 St.
1260 3851 1287 3857 -
1308 3818 1335 3884 b)
1354 3821 1384 3873 io
1401 3820 1492 3875 casale
1510 3821 1549 3877 st.
1568 3827 1606 3874 eet
1623 3821 1715 3875 casale
1733 3819 1758 3875 h.

760 3997 827 4065 198)
846 3992 877 4049 in
899 4000 982 4049 terro
1004 3992 1080 4066 Has]
1103 3990 1196 4049 Terra
1224 3989 1304 4060 Hus,
1326 3989 1439 4048 Husitis
1461 4000 1505 4050 est
1608 3995 1679 4066 201)
1702 4001 1743 4049 eat
1765 3993 1838 4049 ailla
1860 3992 1994 4065 Nausea]
2018 3991 2133 4050 Tobiae
2154 3992 2178 4051 I.
2198 3997 2211 4052 1
2236 3992 2265 4048 iu
2285 3990 2358 4050 Vul-

695 4091 740 4152 Uz
758 4090 872 4150 Veteris
891 4089 1083 4149 Testamenti
1106 4088 1151 4150 cf.
1166 4109 1193 4149 v.
1203 4088 1330 4147 Raumer
1344 4109 1373 4167 p.
1391 4092 1449 4149 246
1462 4109 1504 4168 sq.
1545 4098 1626 4167 gata,
1648 4110 1707 4170 qua
1729 4111 1805 4149 nunc
1825 4099 1944 4149 utuntur
1965 4089 2108 4158 catholici,
2130 4089 2203 4148 haec
2223 4098 2357 4150 exstant:

760 4194 827 4263 199)
858 4189 889 4246 in
917 4209 977 4264 rep.
1009 4188 1169 4247 Husitidia.
1210 4187 1310 4263 Hanc]
1341 4187 1503 4246 'Traconiti-
1549 4189 1669 4259 Tobios,
1693 4209 1730 4247 ex
1750 4189 1827 4247 triba
1848 4199 1875 4247 et
1898 4189 2015 4247 civitate
2037 4189 2196 4264 Neplrtolr',
2218 4198 2357 4265 quaeest

696 4287 740 4347 dis
762 4288 909 4363 regionem
940 4286 968 4346 h.
996 4287 1013 4347 l.
1043 4307 1108 4346 curn
1137 4285 1324 4346 Gaulanitidc
1353 4285 1504 4346 confundit
1547 4290 1577 4346 in
1600 4288 1802 4364 superioribas
1826 4288 1982 4348 Galilaeae
2009 4307 2104 4362 supro
2125 4288 2266 4364 ll'aaaon,
2286 4296 2358 4364 post

693 4385 888 4444 Burchardus.
930 4383 976 4444 cf.
998 4406 1026 4444 v.
1048 4385 1176 4445 Raumer
1192 4408 1222 4465 p.
1245 4391 1282 4447 68
1302 4394 1372 4444 nota
1397 4390 1460 4446 198.
1544 4387 1630 4458 trium,
1652 4406 1725 4464 qaue
1745 4388 1825 4444 ducit
1845 4389 1887 4444 od
1907 4387 2090 4460 occidentem,
2111 4386 2142 4443 in
2162 4385 2287 4443 sinistro
2304 4388 2356 4445 Ιια·

754 4488 825 4557 200)
849 4485 947 4541 casale
969 4484 1504 4559 00011111011018009001]11101011ῑί0
1545 4488 1612 4544 liene
1641 4487 1785 4544 civilatem
1813 4486 1926 4560 Seplel.
1950 4519 1988 4529 -
2016 4483 2077 4544 Sed
2104 4493 2189 4543 vetus
2208 4484 2313 4543 Italica
2334 4504 2357 4547 s.

692 4583 820 4642 locorum
855 4602 873 4639 a
908 4583 1047 4660 scriptore
1076 4582 1203 4641 iudicata
1225 4582 1304 4642 ducit
1335 4582 1372 4641 ad
1402 4582 1504 4642 urbem
1546 4583 1675 4661 Vulgata
1702 4585 1821 4662 antiqua
1850 4584 1874 4644 1.
1907 4590 1964 4644 709
1994 4602 2029 4641 ex
2057 4580 2185 4642 editione
2211 4580 2357 4643 Sabaterii

692 4679 820 4749 Rarush,
848 4699 923 4759 quae
946 4699 1022 4738 nunc
1044 4680 1155 4739 Rameh
1178 4692 1239 4757 est,
1262 4683 1316 4739 sita
1335 4682 1365 4739 iu
1386 4683 1505 4759 regione
1545 4682 1620 4741 baec
1641 4681 1743 4741 habet:
1772 4683 1862 4747 Liber
1882 4702 2047 4741 sermonem
2071 4681 2177 4751 Thebi,
2195 4682 2260 4759 filii
2282 4683 2356 4740 Tlo-

692 4776 942 4855 eechSchaghrir.
978 4780 995 4839 1.
1025 4798 1050 4836 e.
1078 4779 1224 4857 Sangeor.
1255 4781 1347 4839 sancti
1376 4778 1505 4856 Georgii,
1547 4782 1677 4849 0101,-
1703 4801 1739 4839 eac
1761 4781 1837 4839 triba
1862 4780 2048 4856 Neptlalim,
2077 4780 2128 4856 qai
2149 4780 2285 4855 captivus
2306 4780 2356 4838 al·

691 4877 844 4936 tamenetsi
874 4885 992 4941 sanctus
1013 4875 1156 4954 Georgius
1183 4898 1260 4937 nunc
1284 4878 1400 4937 arabice
1422 4887 1507 4937 sonat
1547 4882 1652 4936 ductus
1679 4888 1721 4936 est
1745 4916 1780 4925 -
1811 4899 1848 4936 ex
1870 4881 1955 4937 Bilel
1986 4880 2123 4953 civitate,
2150 4898 2225 4955 quae
2252 4886 2295 4936 est
2325 4878 2356 4936 in

692 4972 857 5033 cI·Khudr.
894 4973 931 5033 V.
954 4975 1506 5036 110101Χο1.7720010000-
1548 4979 1669 5035 decoloro
1695 4986 1786 5053 parte
1817 4977 1934 5055 Edisse,
1961 4979 2090 5036 civitatis
2110 4978 2297 5053 Neptlalim,
2324 4977 2356 5035 s'n

693 5072 761 5130 dum
785 5073 821 5131 dc
843 5073 1033 5134 Aldenborch
1054 5075 1095 5134 II.
1119 5080 1146 5151 3,
1170 5082 1181 5135 1
1205 5098 1233 5154 p.
1258 5081 1295 5135 25
1319 5087 1348 5135 et
1369 5096 1444 5155 quae
1466 5075 1504 5134 ibi
1547 5076 1748 5151 superioribus
1778 5074 1933 5135 Galilaeae
1965 5086 2069 5136 contra
2098 5079 2254 5147 Illooaeon,
2287 5085 2358 5152 post

692 5173 904 5232 annotavimus.
961 5173 1056 5232 Docet
1094 5172 1212 5252 quidem
1244 5174 1410 5233 Willrenius
1441 5174 1504 5246 (Kr.
1545 5175 1638 5241 oriani,
1677 5194 1751 5251 quae
1778 5175 1858 5231 ducit
1884 5176 1915 5232 in
1942 5176 2133 5247 occidentem,
2166 5194 2204 5232 ex
2230 5175 2356 5232 sinistra

692 5268 763 5328 VH.
793 5273 863 5343 598)
899 5282 1031 5329 sanctum
1068 5270 1226 5349 Georgium
1265 5293 1329 5333 esse
1359 5273 1504 5353 Lyddam,
1540 5283 1632 5349 porte
1652 5273 1801 5348 Raploin.
1844 5271 1974 5345 Quarum
1999 5274 2121 5333 duarum
2145 5274 2357 5353 interpretatio·

692 5368 743 5428 sed
766 5367 873 5426 Ludda
899 5370 973 5427 iufra
1000 5382 1240 5429 commemoratur
1260 5392 1278 5429 a
1300 5371 1476 5433 Burchardo.
1546 5392 1613 5430 nuru
1644 5382 1735 5429 utram
1762 5383 1899 5450 sequatur
1918 5371 2117 5447 Burchurdus,
2147 5373 2293 5451 colligitur
2319 5392 2357 5433 ex

756 5470 828 5539 201)
852 5468 925 5526 idem
946 5477 1068 5526 sanctas
1090 5503 1130 5510 -
1152 5471 1249 5545 natos]
1273 5470 1398 5529 Sanctus
1413 5469 1503 5530 Geor·
1546 5471 1595 5541 iis,
1625 5489 1700 5549 quae
1732 5468 1801 5528 dicit
1829 5470 1904 5528 iufra
1925 5470 1961 5530 V.
1985 5477 2036 5530 ¹7:
2069 5471 2227 5548 Vulgatam
2248 5488 2356 5530 novam

690 5568 769 5644 gius,
796 5568 1060 5643 crucesignatorum
1088 5578 1241 5646 petronus,
1269 5569 1358 5646 vulgo
1379 5569 1504 5648 Lyddae
1546 5570 1681 5647 sequitur.
1728 5566 1787 5626 Sed
1824 5569 1983 5647 quaeritur,
2021 5569 2068 5627 ubi
2100 5569 2185 5628 fuerit
2212 5569 2356 5629 Nasson?

690 5686 712 5724 s.
737 5664 873 5743 Diospoli
904 5675 988 5723 natus
1017 5685 1082 5725 esse
1106 5666 1203 5727 fertur.
1248 5667 1283 5732 V,
1313 5668 1407 5728 Ritter
1433 5668 1503 5727 XV.
1546 5668 1642 5739 Quam
1665 5665 1789 5725 Carolus
1816 5667 1981 5727 allaumer
2002 5690 2028 5747 p.
2055 5674 2110 5727 114
2134 5677 2204 5726 nota
2226 5672 2264 5729 90
2286 5688 2354 5727 ean·

691 5767 766 5837 9523
789 5763 874 5826 XVI.
898 5770 955 5822 550
978 5784 1021 5842 sq.
1544 5764 1610 5824 dem
1642 5785 1728 5844 quam
1756 5765 1859 5824 Hazor
1884 5767 1974 5826 fuisse
2001 5769 2176 5846 suspicatur,
2209 5765 2355 5827 Willermi

752 5865 823 5933 202)
847 5864 936 5919 uallis
959 5862 1048 5920 sortis
1069 5865 1154 5939 Aser]
1176 5861 1223 5923 cf.
1246 5864 1297 5922 IV.
1325 5871 1369 5925 19.
1546 5864 1688 5943 'l'yrensis
1715 5865 1879 5922 testimonio
1910 5867 2010 5936 nixus,
2039 5867 2088 5944 qui
2117 5865 2256 5924 historiae
2279 5863 2353 5924 libro

753 5963 824 6029 203)
850 5960 973 6019 Genesis
994 5962 1104 6019 XLIX
1110 5963 1116 6037 Ι
1137 5984 1164 6021 v.
1187 5966 1234 6022 20.
1543 5963 1622 6022 XXI
1653 5984 1716 6043 cap.
1744 5963 1885 6023 XXVIII
1914 5984 1979 6041 pag.
2015 5967 2104 6024 1014ε
2143 5964 2356 6033 Sululrudr'nas,
