5334 6975
1354 723 1389 769 VI

508 895 658 968 vlucem
690 891 830 967 datum.
883 892 1014 965 Talem
1040 890 1146 970 enimfi
1162 889 1363 964 editionem
1391 919 1575 990 nusquam
1602 894 1828 992 investigare
1882 897 2061 993 otuimus;
2097 927 2212 998 quare

535 1043 633 1117 hanc
656 1044 864 1143 principem
887 1042 1010 1116 dicere
1024 1055 1151 1116 nostro
1168 1040 1277 1115 nobis
1293 1043 1372 1115 iure
1395 1041 1575 1116 videmur.
1617 1043 1698 1117 Neo
1713 1045 1998 1142 parvum'nobis
2012 1051 2212 1147 negocium

536 1192 749 1270 facessebat
775 1218 917 1286 rerum,
945 1220 1038 1291 quas
1062 1191 1239 1267 Ricoldus
1268 1192 1458 1287 tractavit,
1484 1193 1680 1291 variegata
1707 1192 1945 1290 abundantia,
1970 1224 2045 1295 qua
2070 1200 2211 1274 factum

540 1370 652 1444 saepe
690 1357 766 1437 est,
795 1356 839 1417 ut
863 1343 902 1416 in
926 1344 1167 1417 annotatione
1194 1342 1427 1418 elaboranda
1451 1345 1742 1438 haesitaremus,
1769 1345 1859 1417 satis
1889 1373 2068 1446 magnam
2103 1350 2211 1423 alteri

537 1510 625 1595 post
649 1521 718 1568 nos
747 1493 882 1567 editori
907 1520 1069 1567 messem
1093 1494 1269 1568 relicturi.
1323 1494 1475 1568 Gratias
1503 1509 1628 1569 autem
1654 1521 1730 1569 non
1756 1522 1953 1594 possumus
1986 1526 2062 1572 non
2098 1526 2211 1598 agere

538 1671 652 1743 quam
678 1644 864 1717 maximas
879 1643 1114 1718 Bethmanno
1138 1642 1184 1716 V.
1207 1643 1274 1739 cl,
1301 1644 1554 1719 bibliothecae
1582 1642 1893 1743 guelferbytanae
1920 1649 2121 1746 praefecto,
2149 1650 2212 1747 qui

538 1794 681 1869 codicis
708 1793 868 1867 miscelli
890 1792 1088 1868 Ricoldum
1112 1795 1335 1869 continentis
1358 1795 1467 1870 nobis
1490 1795 1638 1895 copiam
1663 1794 1761 1868 fecit.

665 1946 747 2019 lam
775 1942 972 2017 dicendum
1001 1959 1057 2018 est
1080 1944 1124 2018 de
1148 1944 1310 2020 Odorico
1338 1945 1597 2039 Foroiuliensi,
1621 1945 1725 2018 cuius
1750 1942 1981 2019 itinerarium
2004 1972 2119 2044 quum
2145 1972 2213 2045 per

538 2122 578 2170 se
605 2093 942 2170 fructuosissimum
965 2110 1031 2189 est,
1056 2109 1135 2168 tum
1162 2096 1412 2170 illustrissimo
1439 2094 1723 2165 Ἰνδικοπλεύστου
1749 2094 1899 2168 nomine
1919 2095 2012 2171 adeo
2037 2100 2213 2173 nobilita-

537 2262 615 2341 tur,
646 2262 689 2320 ut
721 2244 908 2318 neminem
945 2244 1027 2318 fore
1052 2246 1266 2345 opinemur,
1301 2248 1391 2345 quin
1419 2245 1626 2345 Georgium
1654 2244 1860 2338 Pertziunr,
1893 2248 2021 2344 magni
2050 2251 2211 2323 nominis

538 2397 679 2491 virum,
708 2393 962 2470 bibliothecae
989 2396 1237 2470 berolinensis
1263 2398 1392 2496 regiae
1416 2397 1648 2496 praefectum
1684 2393 1921 2494 primarium,
1959 2398 2022 2494 qui
2057 2426 2125 2498 pro
2157 2427 2212 2494 oa,

538 2574 615 2645 qua
640 2561 706 2641 est,
725 2546 959 2620 humanitate
984 2561 1021 2620 et
1047 2547 1284 2641 liberalitate,
1306 2562 1348 2620 ut
1374 2562 1486 2620 antea
1511 2544 1784 2640 Wilbrandum,
1808 2545 1862 2619 ita
1885 2572 1984 2619 nunc
2011 2546 2212 2622 Odoricum

539 2697 631 2784 mihi
657 2695 921 2792 commodavit,
948 2697 1072 2770 animo
1099 2711 1348 2797 prosequatur
1373 2697 1598 2796 gratissimo.

670 2845 934 2921 Wilbrandum
958 2846 1117 2946 denique
1145 2847 1495 2947 Oldenburgensem
1522 2862 1565 2921 ut
1588 2847 1722 2920 iterum
1748 2872 2043 2941 recenseremus,
2066 2847 2214 2947 impulit

538 3026 608 3072 nos
636 3012 673 3071 et
695 2997 782 3071 libri
808 2999 987 3097 pretium,
1019 3013 1056 3072 et
1081 2999 1269 3072 immerita
1296 2999 1486 3098 scriptoris
1512 2997 1791 3098 generosissimi
1825 2997 2044 3072 obscuritas.
2097 2999 2212 3072 Cuius

539 3148 910 3249 peregrinatinonem
938 3149 1128 3250 scriptoris
1153 3150 1270 3250 ipsius
1292 3149 1390 3223 libro
1416 3149 1452 3223 ΙΙ
1480 3176 1511 3223 c.
1538 3149 1632 3223 XIII
1672 3149 1892 3222 auctoritate
1925 3176 1994 3224 nos
2029 3148 2140 3248 primi
2173 3150 2212 3221 in

538 3299 675 3395 libros,
711 3300 853 3399 capita,
892 3301 1076 3375 sectiones
1103 3299 1390 3400 dispertivimus.
1458 3300 1628 3398 Denique
1660 3299 1752 3373 mihi
1786 3298 1913 3395 crede,
1955 3300 1993 3373 in
2025 3298 2213 3372 Wilbran-

433 3522 438 3529 .
542 3451 630 3526 dum
668 3465 705 3526 et
741 3449 1017 3544 Burchardum,
1049 3451 1088 3524 in
1119 3450 1317 3525 Riecldum
1352 3464 1389 3524 et
1421 3448 1625 3525 Odoricum
1655 3465 1800 3524 tantam
1830 3463 1867 3524 et
1896 3476 1994 3525 nunc
2032 3464 2070 3525 et
2104 3466 2215 3526 antea

539 3630 694 3704 operam
720 3628 780 3676 me
804 3602 1023 3696 contulisse,
1055 3616 1198 3700 quanta
1224 3600 1366 3700 optimo
1395 3600 1527 3698 cuique
1554 3627 1690 3674 aureae
1718 3600 1852 3674 aetatis
1878 3601 2050 3701 scriptori
2082 3604 2213 3676 navari

540 3756 636 3829 solet
660 3754 842 3849 maxima3
877 3752 1015 3852 quippe
1046 3752 1110 3850 qui
1136 3778 1262 3825 meum
1289 3777 1370 3825 esse
1398 3765 1569 3852 putarem
1595 3750 1688 3825 illud
1723 3779 1791 3851 pro
1821 3753 1920 3826 virili
1947 3766 2054 3851 parte
2088 3780 2212 3852 agere.

539 3905 766 3979 Interiacent
793 3904 892 3978 enim
917 3902 1031 3978 medii
1058 3904 1142 3979 aevi
1164 3904 1466 4003 peregrinatores
1499 3903 1596 3976 inter
1622 3902 1831 3977 Bibliorum
1861 3928 2052 3976 sacrorum
2086 3920 2123 3978 et
2157 3931 2215 3979 re·

539 4056 747 4131 cantiorum
774 4056 959 4129 viatorum
985 4053 1102 4128 libros
1128 4055 1236 4152 quasi
1258 4081 1354 4154 pons
1382 4054 1599 4148 continuus,
1624 4079 1735 4151 quem
1762 4054 1826 4151 qui
1846 4045 2065 4153 neglexerit,
2089 4052 2215 4127 videat

538 4232 585 4281 ne
609 4207 647 4279 in
670 4221 846 4305 stagnum
874 4204 1065 4280 demersus
1091 4205 1366 4306 imprudentiae
1393 4231 1535 4304 poenas
1568 4205 1668 4299 luat,
1702 4217 1834 4278 contra
1866 4204 1929 4302 qui
1962 4204 2116 4277 firmiter
2151 4231 2215 4279 ex-

539 4371 721 4431 structum
743 4356 866 4450 intret,
890 4383 962 4430 nae
977 4358 1008 4431 is
1028 4357 1090 4430 via
1111 4369 1215 4430 recta
1240 4371 1277 4430 et
1299 4371 1380 4429 tuta
1406 4355 1454 4429 ad
1480 4382 1609 4430 veram
1634 4332 1756 4428 terrae
1783 4368 1934 4428 sanctae
1959 4354 2212 4452 cognitionem

538 4507 740 4605 perveniet
794 4505 972 4596 Quodn
999 4504 1182 4600 omnibus,
1208 4506 1271 4603 qui
1295 4505 1390 4581 haec
1417 4509 1555 4607 legent,
1582 4508 1794 4605 contingat,
1818 4531 1865 4579 ex
1892 4506 2016 4579 animo
2045 4517 2215 4602 optatum

537 4657 721 4731 volumus.
1706 4719 1708 4722 .

663 4823 857 4897 Dabamus
879 4821 1208 4897 Neodettelsaviae
1236 4848 1364 4898 mense
1388 4821 1490 4895 lulio
1514 4848 1612 4895 anno
1639 4820 1974 4897 MDOOOLXIIII.
