5334 6975
1301 702 1319 760 5

478 901 543 972 non
563 887 760 964 corruptum,
783 875 841 941 scd
863 876 1084 950 deformatum,
1105 899 1168 940 non
1191 875 1320 958 editum,
1345 876 1402 941 scd
1424 887 1612 962 excerptum
1631 876 1872 962 laceratumque
1895 885 1927 939 ct
1948 889 2148 956 περιφραστι-

479 997 541 1070 κῶς
558 996 765 1080 'rmutatum
789 994 903 1057 merito
926 992 1026 1057 dicas.

603 1109 717 1174 Restat
736 1120 771 1172 ut
794 1109 906 1194 paucis
929 1129 1148 1193 exponamus,
1177 1128 1242 1193 qua
1263 1107 1388 1171 ratione
1408 1107 1492 1171 hauc
1512 1117 1654 1172 nostram
1677 1106 1861 1171 Burchardi
1889 1107 2062 1172 editionem
2085 1103 2149 1170 dis·

479 1224 664 1314 ponendam
687 1225 913 1288 censuerimus.

603 1340 722 1403 Textui
756 1341 819 1425 ipsi
852 1348 981 1425 praeter
1012 1336 1095 1400 hanc
1126 1337 1360 1422 praefationem
1389 1348 1420 1402 et
1450 1340 1634 1402 criticorum
1662 1347 1693 1402 et
1720 1337 2023 1425 bibliographorum
2052 1358 2150 1401 causa

480 1457 708 1545 praemisimus
729 1453 893 1540 catalogos
914 1453 1071 1518 librorum
1094 1464 1126 1517 et
1146 1475 1243 1516 manu
1265 1463 1296 1516 et
1316 1454 1405 1540 typis
1427 1456 1628 1539 scriptorum,
1652 1453 1847 1519 subiecimus
1876 1454 2063 1540 scriptionis
2085 1453 2149 1516 dis-

480 1574 690 1659 crepantiam.
734 1569 861 1634 Deinde
884 1570 1124 1633 annotationem
1144 1568 1307 1650 dedimus,
1342 1592 1437 1655 quam
1460 1571 1582 1656 excipit
1604 1571 1822 1653 itinerarium,
1845 1592 1907 1655 quo
1930 1570 2150 1656 peregrinato-

480 1712 552 1754 rum
574 1698 606 1752 et
627 1685 887 1772 geographorum
916 1686 950 1748 in
971 1707 1063 1748 usum
1085 1683 1229 1749 locorum
1255 1683 1427 1749 distantias
1458 1696 1489 1748 et
1516 1708 1536 1749 a
1555 1685 1745 1751 Bruchardo
1771 1698 1802 1750 et
1824 1710 1844 1750 a
1864 1685 2047 1750 recentibus
2069 1683 2150 1747 indi·

481 1815 570 1869 catas
599 1802 712 1867 addita
746 1803 925 1888 scripturae
953 1801 1141 1864 diversitate
1169 1800 1260 1864 brevi
1286 1803 1319 1864 in
1355 1811 1529 1887 conspectu
1554 1803 1731 1888 posuimus.
1773 1803 1900 1867 Indices
1927 1804 2091 1866 nominum
2120 1809 2151 1862 et

480 1920 623 1985 locorum
650 1918 841 1983 biblicorum
872 1916 1049 1981 desiderari
1076 1915 1254 1998 noluimus,
1283 1915 1475 1999 Iavelliano,
1504 1939 1640 2004 quocum
1663 1919 1853 1985 contulimus
1876 1929 1907 1983 et
1929 1940 1969 1981 ex
1990 1939 2051 2004 quo
2072 1938 2149 1979 non-

480 2035 568 2099 nulla
590 2035 780 2119 recepimus,
803 2033 966 2120 aliquanto
988 2031 1222 2119 locupletiores.

1099 2563 1533 2631 CATALOGUS

972 2728 1127 2777 CODICUM
1149 2731 1350 2778 BURCHARDI
1369 2732 1415 2777 DE
1438 2732 1557 2779 MONTE
1580 2733 1666 2781 Sth'.

607 2879 761 2960 Primum,
785 2877 901 2964 quibus
923 2878 971 2942 usi
994 2900 1114 2960 sumus,
1137 2878 1265 2944 codices
1286 2878 1550 2966 hamburgenses,
1577 2882 1852 2964 vratislavieuses,
1875 2880 2075 2957 beroensem,
2099 2875 2151 2939 de-

486 2995 560 3059 inde
583 2994 663 3060 alios
685 2994 841 3080 quosdam
865 2994 1057 3079 descripturi
1077 3017 1195 3058 sumus.

876 3187 899 3240 1.
931 3193 1049 3242 conux
1073 3195 1376 3242 srnrnoasrnuus
1396 3195 1661 3244 nnuauuaunsrs
1684 3181 1764 3254 (St).

608 3308 695 3372 Huic
718 3307 822 3373 codici
838 3308 1215 3395 Staphorstiani‘nomen
1236 3308 1393 3391 dedimus,
1416 3312 1491 3396 quia
1514 3310 1681 3376 aNicolao
1702 3310 1918 3396 Staphorstio,
1940 3307 2032 3372 verbi
2051 3304 2153 3368 divini

483 3425 526 3490 ad
548 3422 660 3490 aedem
683 3447 764 3511 quae
786 3424 861 3490 olim
883 3437 953 3491 erat
973 3424 1084 3491 Sancti
1104 3424 1235 3489 Ioannis
1255 3424 1538 3512 Hamburgcnsem
1557 3429 1724 3513 magistro,
1746 3428 1886 3514 primam
1908 3426 1977 3490 eius
2001 3422 2151 3486 notitiam

483 3540 637 3606 traditam
653 3546 844 3627 accepimus.
884 3541 948 3622 Qui
962 3543 996 3606 in
1009 3541 1174 3606 Historiae
1189 3541 1345 3606 ecclesiae
1359 3542 1618 3629 Hamburgensis
1634 3543 1841 3630 diplomatica
1861 3553 1955 3629 parte
1970 3542 1994 3605 l.
2017 3537 2078 3603 vol.
2094 3536 2152 3601 III.

484 3680 557 3745 pag.
573 3661 736 3724 343—355
757 3657 858 3721 fusius
882 3660 1015 3744 exponit
1038 3658 1078 3722 de
1097 3656 1230 3739 „codice
1250 3658 1359 3723 XXX.
1382 3660 1511 3745 (partim
1533 3662 1567 3724 in
1589 3660 1711 3730 charta,
1735 3661 1853 3746 partim
1875 3660 1908 3722 iu
1922 3652 2154 3730 membrana).“

483 3775 561 3839 Fuit
583 3786 688 3837 autem
711 3795 752 3836 ex
775 3772 955 3851 codicibus,
986 3776 1041 3861 qui
1067 3773 1142 3837 olim
1163 3776 1197 3838 in
1218 3773 1421 3863 Bibliotheca
1443 3774 1534 3840 aedis
1557 3775 1668 3840 Sancti
1689 3777 1778 3840 Petri
1809 3775 1986 3854 asservati,
2015 3769 2155 3836 nuncin

485 3868 687 3954 Bibhotheca
710 3887 841 3974 publica
862 3888 1103 3974 Hamburgensi
1126 3890 1360 3955 custodiuntur.
1401 3891 1515 3957 Insunt
1536 3892 1569 3956 in
1593 3892 1654 3958 hoc
1674 3892 1837 3958 volumine
1859 3888 2076 3974 quaternario,
2098 3882 2155 3948 sed

483 4009 605 4071 termae
626 4004 770 4085 minoris,
793 4006 915 4090 scripta
938 4004 1067 4086 XVIII,
1090 4028 1225 4093 quorum
1247 4006 1393 4070 ultimum
1416 4017 1464 4071 est
1486 4009 1760 4095 anepigraphum,
1784 4007 1950 4071 continens
1971 3998 2155 4067 Burchardi

485 4121 525 4186 de
546 4121 656 4186 Monte
679 4119 757 4183 Sion
779 4118 1029 4206 descriptionem
1050 4130 1157 4186 terrae
1180 4135 1318 4187 sanctae.

605 4234 765 4300 Volumen
797 4246 899 4323 totum
926 4236 1118 4322 inscriptum
1147 4249 1208 4301 est:
1246 4243 1416 4300 Preaentem
1448 4242 1552 4300 librum
1574 4243 1654 4300 dedit
1682 4243 1817 4300 dominae
1844 4239 1993 4299 Hinricus
2024 4235 2156 4311 Langia,

483 4358 628 4432 quondum
658 4354 744 4412 huius
774 4354 914 4413 ecclesiae
944 4355 1085 4416 vicarius.
1131 4356 1223 4414 Orate
1245 4359 1341 4417 Deam
1366 4378 1426 4434 pro
1452 4379 1492 4418 eo.
1534 4355 1653 4441 Incipit
1681 4377 1701 4417 a
1727 4352 1850 4417 verbis:
1884 4358 1959 4413 Tota
1984 4354 2096 4429 pulcra
2126 4370 2156 4408 cr

481 4472 578 4529 amica
601 4490 664 4528 ntea
687 4479 714 4528 et
735 4472 853 4529 macula
875 4491 933 4529 uon
955 4481 998 4530 est
1021 4473 1052 4529 iu
1074 4481 1108 4532 te.

604 4582 778 4647 Praecedit
802 4583 876 4647 huic
899 4585 1037 4670 paginae
1056 4583 1156 4648 index
1177 4605 1296 4660 eorum,
1316 4608 1399 4672 quae
1422 4585 1583 4650 volumine
1605 4587 1819 4667 continentur,
1842 4586 1875 4648 in
1897 4582 2050 4647 interiore
2065 4580 2154 4642 invo-

480 4699 563 4764 lucri
584 4698 682 4784 lignei
707 4703 795 4763 corio
818 4700 894 4763 teeti
916 4699 1036 4782 latere,
1058 4700 1165 4765 seculo
1187 4700 1270 4765 XIX
1293 4703 1441 4787 scriptus.

605 4815 751 4899 Paginae
772 4825 960 4880 numeratae
982 4838 1045 4880 non
1069 4829 1151 4881 sunt.

602 4932 673 4996 Iam
696 4931 739 4995 ad
760 4933 866 5017 ipsum
887 4931 1071 4996 Burchardi
1092 4931 1212 4997 librum
1235 4932 1483 4998 describendum
1506 4936 1723 5018 accingamur.

605 5047 719 5114 Codex
740 5059 788 5112 est
809 5048 1089 5129 membranaceus,
1110 5051 1351 5133 quaternarius,
1375 5049 1483 5115 seculo
1504 5050 1585 5114 XIV
1608 5061 1745 5114 exeunte
1766 5048 1818 5113 vel
1841 5047 1905 5112 XV
1927 5048 2057 5112 ineunte
2080 5055 2156 5124 (non

482 5185 545 5229 sec.
559 5163 651 5247 XIII,
673 5179 709 5228 ut
725 5164 950 5251 Staphorstius
971 5163 1061 5245 vult)
1084 5166 1222 5250 scriptus
1245 5188 1265 5228 a
1285 5164 1420 5229 librario
1443 5167 1521 5230 satis
1543 5166 1667 5247 hebete,
1688 5167 1743 5252 qui
1764 5167 1798 5228 in
1814 5163 1948 5249 prologo
1963 5167 1983 5244 ἓ
2000 5169 2037 5229 te
2053 5161 2155 5226 verba

480 5285 528 5344 tic
551 5286 705 5359 introduc,
732 5281 774 5345 ab
797 5303 853 5363 eo,
882 5282 937 5368 qui
967 5282 997 5345 ei
1025 5280 1169 5345 codicem
1192 5278 1440 5345 describendum
1464 5281 1611 5364 dederat,
1640 5283 1787 5367 margini
1803 5282 1947 5365 ascripta
1971 5301 2069 5366 quum
2091 5298 2155 5341 non

479 5395 682 5482 intelligeret,
703 5398 777 5482 ipsa
799 5397 964 5483 descripta
985 5398 1019 5460 in
1039 5408 1223 5462 contextum
1245 5399 1369 5484 recepit
1391 5397 1574 5479 verborum,
1597 5409 1628 5462 et
1651 5418 1882 5482 saepenumero
1906 5395 2085 5460 dormitans
2107 5390 2154 5457 la-

481 5536 579 5578 cunas
600 5511 717 5577 multas
739 5512 877 5599 reliquit,
900 5535 1026 5577 errores
1052 5525 1223 5600 praeterea
1243 5513 1426 5601 complures
1450 5516 1663 5579 committens.
1700 5512 1810 5577 Verba
1832 5511 1959 5598 singula
1974 5520 2153 5576 atramento

483 5618 666 5715 subpallido
701 5630 850 5714 notisque
879 5628 1096 5714 diplomaticis
1128 5629 1386 5694 inusitatioribus
1422 5632 1545 5717 scripta
1575 5628 1693 5695 multas
1727 5629 1846 5715 legenti
1873 5628 2079 5694 difficultates
2109 5628 2155 5692 af—

481 5747 595 5811 ferunt.

606 5860 743 5927 Constat
764 5861 849 5927 foliis
873 5867 911 5926 27
934 5866 1010 5935 (uon
1032 5867 1083 5939 25)
1106 5862 1255 5927 binarum
1279 5861 1509 5928 columnarum.

606 5978 739 6064 Prologi
760 5979 887 6043 initium
907 6000 972 6042 non
995 5978 1092 6043 semel
1115 5979 1171 6043 sed
1192 5978 1243 6043 bis
1266 5988 1390 6060 exstat,
1419 5980 1558 6064 primum
1580 5976 1656 6043 folio
1680 5980 1801 6063 primo,
1830 5977 1886 6042 sed
1908 5978 2025 6063 primis
2048 5975 2156 6042 verbis
