5334 6975
1410 649 1450 712 32

589 827 670 892 illud
685 829 754 904 ¹¹²¹):
779 830 983 908 Conpregatm
1006 833 1163 890 uniuersas
1185 835 1286 890 Israel
1308 852 1326 889 a
1343 833 1414 890 Dan
1438 850 1528 908 usque
1550 830 1705 890 Bersabee.
1748 825 1808 890 Est
1831 827 1915 890 enirn
1937 826 1996 892 hec
2005 837 2029 903 1)
2052 826 2167 891 ciuitas
2189 848 2266 892 con·

589 954 640 1007 tra
661 945 908 1029 septentrionem
931 946 1087 1008 terminus
1108 955 1193 1008 terre
1214 953 1340 1025 sancte,
1368 942 1531 1007 Bersabee
1555 965 1631 1007 uero
1654 953 1766 1007 centra
1787 953 1950 1023 austrum,
1983 941 2159 1007 seeundum
2180 940 2263 1008 illud

588 1059 745 1144 Regumb)
760 1060 829 1134 122);
857 1064 1063 1121 UeuitHelies
1085 1064 1116 1120 in
1131 1065 1278 1122 Bersabee
1292 1065 1381 1123 Iuda.
1414 1057 1458 1122 Et
1478 1057 1651 1135 insra¹²³m
1675 1065 1714 1120 Et
1736 1062 1807 1119 abiit
1830 1063 1860 1119 ia
1883 1064 2037 1120 desertum.
2072 1057 2167 1138 Quod
2189 1056 2263 1122 abs·

588 1197 651 1260 que
674 1173 772 1238 dubio
796 1175 918 1238 ciuitati
939 1174 985 1239 illi
1007 1187 1055 1239 est
1072 1175 1261 1260 contiguum
1274 1172 1358 1251 1131).
1390 1173 1433 1237 Et
1448 1197 1532 1238 nunc
1553 1177 1654 1237 Giblin
1667 1175 1721 1250 111)
1745 1173 1935 1260 appellatur.
1969 1174 2140 1260 Philippus
2154 1185 2264 1238 autem

588 1313 663 1355 cum
690 1299 775 1354 esset
804 1290 968 1354 tetrarcha
991 1291 1112 1356 Yturee
1142 1302 1172 1355 ct
1193 1288 1413 1354 Traeonitidis
1435 1290 1592 1374 regionis,
1620 1290 1716 1354 istam
1749 1291 1912 1354 ciuitatem
1934 1289 2065 1354 Belinas
2092 1290 2159 1354 siue
2185 1288 2263 1356 Dan

491 1457 496 1466 .
587 1429 645 1471 sue
668 1406 798 1470 nomine
823 1409 982 1468 Cesaream
1002 1411 1139 1486 Philippi
1159 1406 1259 1470 uoluit
1281 1406 1450 1470 nominari.
1492 1404 1659 1470 AGrecis
1690 1417 1797 1470 autem
1816 1411 1937 1467 Paneas
1958 1404 2150 1492 appellatur.
2194 1405 2263 1470 Sed

587 1520 682 1586 hodie
703 1524 811 1587 emnia
833 1522 964 1584 nomina
987 1520 1045 1584 hec
1069 1532 1293 1601 cessauerant,
1316 1532 1347 1584 et
1369 1522 1579 1585 communiter
1601 1526 1725 1584 Belinas
1747 1519 1939 1607 appellatur.

553 1667 569 1716 5
711 1637 818 1724 Super
840 1637 923 1701 hauc
945 1638 1109 1701 ciuitatem
1128 1636 1204 1701 hine
1221 1636 1296 1700 inde
1311 1639 1457 1702 oriuntur
1472 1636 1534 1701 duo
1549 1638 1651 1701 fontes
1667 1637 1739 1713 ¹²⁵):
1763 1643 1816 1697 Ior-
1831 1647 1862 1700 ct
1877 1642 1957 1712 Dan,
1980 1647 2011 1699 et
2027 1637 2061 1699 in
2074 1636 2158 1723 pede
2173 1659 2263 1702 mon·

588 1753 630 1817 tis
652 1752 781 1816 Libani.
825 1752 888 1832 Qui
911 1766 984 1817 aute
1007 1765 1134 1840 portam
1159 1754 1300 1816 ciuitatis
1324 1754 1549 1817 conuenientes
1569 1756 1603 1818 in
1626 1776 1724 1817 unum
1739 1752 1912 1817 Iordanem
1933 1751 2066 1816 fluuium
2089 1752 2242 1816 efficiunt

553 1901 571 1951 6
713 1868 797 1932 Nota
825 1881 950 1951 tumen,
981 1865 1067 1955 qued
1092 1872 1126 1933 in
1153 1871 1201 1933 rei
1231 1870 1367 1932 ueritate
1397 1870 1457 1932 iste
1479 1890 1544 1932 non
1566 1878 1613 1932 est
1637 1892 1733 1932 uerus
1755 1879 1843 1932 ortus
1865 1867 2023 1932 Iordanis.
2066 1867 2156 1932 Dicit
2176 1870 2263 1931 enirn

587 1982 745 2069 Iosephus
759 1985 830 2064 ¹²¹⁵),
857 1995 887 2047 ct
909 2008 1019 2048 uerum
1043 1995 1105 2065 est,
1136 1984 1221 2070 qued
1251 1984 1292 2048 ab
1315 1986 1378 2049 isto
1406 1984 1476 2049 loce
1495 1995 1606 2048 contra
1626 1995 1769 2048 austrum
1791 1985 1858 2048 fere
1881 1983 1907 2049 C
1930 1993 1961 2047 et
1982 1983 2049 2046 XX
2076 1982 2190 2047 stadiis
2215 1993 2265 2046 est

587 2099 678 2180 fens,
714 2100 767 2184 qrsi
796 2099 978 2185 appellatur
987 2104 1010 2176 ‘)
1033 2105 1143 2161 Phiala
1158 2102 1232 2180 111),
1261 2123 1388 2186 semper
1411 2100 1525 2187 plenus
1548 2111 1579 2164 et
1600 2122 1764 2186 nunquam
1786 2099 1935 2181 effluens,
1966 2097 2023 2162 sed
2052 2097 2264 2164 subterraneo

587 2225 696 2279 meatu
718 2239 818 2302 usque
840 2214 883 2279 ad
903 2214 1009 2279 locum
1031 2216 1127 2279 istum
1151 2214 1222 2279 fluit
1245 2226 1276 2280 et
1291 2216 1392 2279 effluit
1411 2214 1466 2298 ibi,
1490 2228 1520 2279 et
1540 2222 1610 2277 Ilan
1626 2226 1768 2279 uocatur.
1806 2214 1900 2295 Quod
1916 2238 1974 2301 per
1990 2214 2101 2301 paleas
2118 2215 2151 2279 in
2163 2213 2262 2278 Phia·

586 2330 652 2394 lam
674 2332 789 2395 missas
812 2340 842 2394 et
863 2333 895 2395 in
915 2332 1003 2395 fonte
1018 2331 1094 2395 Dan
1116 2342 1264 2417 receptas
1288 2333 1396 2418 sepius
1420 2340 1468 2394 est
1490 2329 1668 2417 probatum.
1704 2330 1877 2395 Sarraccni
1899 2342 2005 2395 autem
2027 2331 2147 2395 fontem
2169 2329 2262 2394 illum

586 2469 652 2511 non
670 2446 836 2527 Phialam,
866 2447 923 2511 sed
946 2453 1059 2508 Medae
1076 2448 1129 2512 113)
1152 2457 1284 2527 uocant,
1313 2446 1347 2510 id
1374 2457 1422 2510 cst
1451 2471 1547 2527 aquas
1568 2452 1656 2522 Dan,
1685 2448 1778 2532 quasi
1806 2447 1930 2511 dicant:
1965 2447 2049 2527 „Iste
2081 2459 2155 2510 sunt
2177 2468 2262 2533 aque

586 2561 695 2626 Dan.“
739 2570 788 2624 Me
816 2567 901 2627 enirn
932 2587 1013 2643 aquo
1044 2563 1174 2627 arabice
1203 2563 1329 2626 dicitur.
1373 2539 1448 2626 Dan
1479 2586 1557 2627 uero
1584 2563 1656 2626 fons
1689 2572 1737 2626 est
1764 2585 1847 2626 unus
1875 2562 1915 2627 de
1944 2561 2148 2648 supradietis.
2190 2561 2261 2626 Ma·

587 2679 748 2755 theus¹²⁹)
772 2702 849 2743 uere
872 2679 977 2742 locum
1000 2677 1091 2741 illum
1112 2685 1263 2759 llaqedurr
1287 2677 1445 2764 appellat,
1472 2678 1703 2754 Marcusmm
1729 2682 1941 2741 Dalmanutlra.
1986 2678 2047 2742 Est
2068 2688 2175 2742 autem
2196 2699 2263 2743 non

585 2794 683 2880 longe
711 2817 730 2857 a
757 2798 848 2856 Sueto
865 2795 919 2872 ¹³¹)
949 2795 1095 2875 ciuitate,
1126 2795 1217 2859 iuxta
1243 2794 1436 2880 piramidem
1464 2793 1603 2880 sepulcri
1633 2793 1719 2857 beati
1746 2792 1804 2857 leh
1819 2795 1872 2868 111)
1902 2794 1935 2856 in
1963 2792 2182 2858 Traconitidis
2212 2817 2262 2858 re·

586 2912 762 2996 gione¹³³).
805 2909 857 2972 De
878 2909 939 2973 hoe
960 2919 1068 2972 autem
1089 2911 1174 2973 infra
1197 2910 1323 2996 plenius
1346 2909 1470 2974 dicetur
1485 2913 1549 2986 1311).

713 3029 856 3087 Iordanis
879 3039 984 3088 autem
1006 3024 1138 3108 fluuius,
1165 3039 1200 3089 ut
1219 3026 1342 3091 dictum
1363 3038 1430 3109 est,
1456 3038 1532 3091 ante
1561 3036 1688 3112 portam
1722 3025 1863 3088 ciuitatis
1882 3023 2013 3088 Belinas
2034 3037 2261 3110 congregatus,

588 3143 629 3207 de
653 3140 778 3206 duobus
800 3140 864 3205 illis
884 3139 1027 3205 l'ontibus
1048 3155 1122 3228 pest
1144 3142 1257 3228 longos
1281 3144 1449 3226 circuitus,
1478 3166 1558 3228 ques
1588 3143 1681 3223 feeit,
1712 3140 1952 3204 'l'raeonitidem
1984 3153 2014 3203 ct
2037 3140 2193 3206 Yturcam
2212 3166 2261 3207 se

589 3257 735 3345 parando
757 3257 888 3321 tandem
911 3258 995 3321 inter
1018 3256 1249 3343 Capharnamn
1271 3272 1303 3321 et
1326 3257 1515 3324 Corrozaim
1538 3280 1627 3322 mare
1651 3255 1777 3322 Galilee
1804 3256 2003 3341 ingreditur,
2036 3269 2174 3342 quatuor
2195 3257 2262 3322 leu-

588 3377 634 3438 cis
656 3396 676 3437 a
701 3379 799 3436 t'edar
816 3375 870 3450 131)
894 3374 1033 3454 ciuitate,
1057 3381 1150 3459 ques)
1173 3385 1220 3439 est
1244 3398 1345 3460 supra
1366 3375 1399 3437 in
1423 3387 1529 3439 monte
1553 3376 1622 3438 sita.

713 3489 820 3557 Medio
852 3504 960 3555 tmncn
988 3490 1059 3554 loce
1089 3492 1173 3554 inter
1192 3490 1324 3554 Belinas
1354 3501 1384 3553 ct
1411 3513 1500 3554 mare
1522 3490 1647 3555 Galilee
1674 3489 1836 3576 quandam
1870 3487 1986 3553 uallem
2015 3489 2197 3573 ingrediens
2228 3490 2263 3554 in

587 3617 738 3691 stagnum
769 3605 930 3691 colligitur
960 3615 1106 3690 tempore
1135 3605 1301 3670 solutionis
1329 3608 1450 3669 niuium
1479 3605 1519 3669 de
1541 3604 1678 3669 Libano.
1722 3603 1818 3682 Quod
1847 3617 1995 3690 stagnum
2025 3604 2143 3669 dieitur
2164 3604 2263 3670 hodia

587 3728 745 3803 adaquas
766 3722 960 3798 Mas-oum).
1003 3720 1069 3784 Ubi
1090 3720 1183 3785 losue
1206 3745 1277 3785 cum
1299 3720 1393 3785 Iahin
1413 3744 1490 3806 rege
1510 3720 1608 3800 Aser,
1641 3730 1672 3784 et
1694 3719 1765 3784 aliis
1789 3720 1921 3795 XXX‘)
1944 3719 2076 3805 regibus
2092 3721 2145 3795 ¹³²)
2167 3719 2263 3784 dimi·

586 3840 691 3920 cauit,
717 3851 748 3901 et
778 3839 880 3901 uictor
908 3838 1050 3900 existens
1081 3847 1268 3922 persecutus
1296 3849 1345 3901 est
1375 3860 1430 3901 eos
1460 3859 1560 3922 usque
1590 3835 1632 3900 ad
1654 3859 1755 3922 aquas
1778 3834 2018 3921 Masorephots)
2042 3846 2073 3899 et
2094 3859 2196 3923 usque
2219 3837 2264 3901 ad

654 4025 681 4090 a)
700 4023 751 4075 hoc
769 4020 870 4074 ciuitas
890 4017 930 4074 St.
949 4050 981 4058 -
1000 4018 1029 4089 b)
1047 4019 1115 4072 illud
1132 4021 1228 4087 quarti
1244 4019 1352 4089 Regum
1370 4018 1410 4075 St.
1431 4047 1461 4057 —
1483 4020 1508 4086 c)
1526 4017 1685 4088 appetimur
1705 4035 1758 4071 em.
1771 4016 1818 4083 St,
1836 4015 1919 4070 habet
1938 4015 2009 4070 11.-
2028 4017 2056 4085 d)
2074 4016 2185 4070 hlareus
2197 4036 2264 4072 uero

720 4105 802 4158 daim.
823 4104 861 4159 St.
889 4134 920 4141 —
942 4108 967 4175 e)
985 4106 1059 4170 quod
1075 4102 1113 4158 St.
1133 4122 1184 4173 que
1201 4104 1227 4157 h.
1250 4135 1282 4142 —
1308 4101 1334 4171 f)
1352 4103 1419 4156 alies
1437 4102 1540 4154 XXIV
1556 4102 1612 4167 St,
1640 4101 1688 4171 qui
1705 4100 1789 4154 etiam
1807 4117 1866 4154 voc.
1883 4101 2002 4169 regibus,
2032 4100 2104 4171 quod
2123 4100 2209 4155 habet
2227 4101 2264 4164 h..

721 4189 828 4241 irreuria
847 4187 947 4242 omisit.
966 4218 999 4226 —
1017 4191 1046 4257 g)
1064 4188 1216 4258 illasrepha
1233 4186 1272 4241 st.

654 4365 723 4434 121)
747 4364 818 4418 Dan
847 4362 1006 4417 secuudum
1035 4360 1118 4434 illud]
1146 4359 1201 4418 Est
1229 4358 1343 4435 Regum
1370 4362 1404 4425 iss.
1514 4364 1581 4427 130)
1604 4357 1740 4432 Marcus)
1764 4356 1852 4416 VIII.
1878 4363 1923 4417 10.

588 4457 745 4529 Samuelis)
767 4459 807 4517 II.
829 4458 930 4517 XVII.
958 4466 1001 4518 11,
1511 4463 1579 4532 131)
1601 4458 1701 4531 Sueto)
1729 4455 1820 4526 Suite,
1844 4462 1880 4517 16
1902 4476 1939 4515 m.
1960 4477 1988 4535 p.
2011 4452 2180 4514 Tiberiade.
2217 4455 2263 4514 (af.

654 4561 722 4630 122)
753 4568 887 4615 uestrum
923 4591 962 4600 -
995 4556 1117 4632 Regum]
1155 4557 1203 4614 III
1242 4558 1294 4629 (l)
1329 4556 1403 4634 Reg.
1447 4582 1475 4620 v.
1496 4558 1625 4615 Ruumer
1646 4577 1672 4633 p.
1697 4559 1764 4616 225.

587 4655 676 4716 XIX.
700 4662 727 4715 3.
751 4663 777 4716 1.
1513 4659 1581 4729 132)
1604 4654 1783 4729 piramidem
1812 4687 1850 4695 -
1876 4654 1936 4728 Iob]
1969 4651 2142 4732 Sepulcrum
2171 4651 2264 4710 Hiobi

653 4758 722 4828 123)
746 4757 784 4812 Et
808 4754 903 4828 iasio)
927 4775 954 4813 v.
978 4759 1005 4812 1.
1447 4777 1539 4836 prope
1569 4755 1747 4812 Damascum
1773 4750 1949 4827 ostenditur,
1990 4773 2016 4809 v.
2045 4751 2138 4810 Rittcr
2167 4749 2264 4809 XVII

655 4853 743 4926 12311)
770 4855 858 4919 Quod
885 4885 923 4895 -
953 4851 1126 4927 contiguum)
1161 4856 1249 4917 Quod
1278 4851 1404 4911 referen-
1447 4859 1500 4926 52).
1526 4858 1610 4913 1336.

588 4950 657 5011 dum
679 4963 724 5013 est
744 4953 783 5011 ad
802 4951 983 5032 praecedens
1006 4953 1161 5011 desertum.
1513 4957 1580 5023 133)
1612 4950 1813 5008 'l'raconitidis
1842 4950 1968 5027 regione]
2004 4948 2087 5023 Quae
2113 4967 2191 5006 uunc
2219 4958 2265 5005 est

654 5056 721 5125 121)
744 5055 783 5110 Et
805 5072 885 5110 stunc
906 5050 1204 5126 Gihlinappellatur)
1228 5050 1404 5109 seilrsssrsa-
1447 5050 1592 5110 Lcdscha.
1621 5047 1681 5107 Sed
1704 5071 1730 5107 v.
1753 5049 1891 5108 Carolum
1913 5049 2073 5108 aRaumer
2090 5047 2153 5106 Pal.
2175 5067 2206 5126 p.
2226 5051 2260 5105 61

587 5149 652 5210 bec.
686 5149 745 5210 Sed
768 5162 852 5221 errat,
874 5150 1007 5229 quumvis
1026 5169 1084 5206 neu
1099 5150 1188 5220 solus,
1210 5147 1405 5207 Burehardus.
1448 5159 1516 5209 nota
1543 5153 1606 5209 138.

588 5247 636 5310 Of.
648 5249 809 5309 'l'.Tohler
822 5253 848 5309 3.
863 5248 1058 5325 Wanderung
1072 5269 1100 5327 p.
1114 5254 1178 5307 117.
1191 5254 1249 5308 1611
1266 5251 1404 5308 1101389.
1515 5250 1582 5318 131)
1606 5248 1691 5319 infra
1711 5248 1829 5322 plenius
1852 5248 1975 5323 dicetur]
2000 5246 2034 5305 V.
2060 5252 2104 5306 13.
2130 5251 2174 5305 11.

656 5353 723 5423 125)
746 5352 803 5406 due
819 5348 932 5422 fontes)
962 5346 1007 5407 Of.
1030 5347 1110 5423 Mag.
1133 5346 1296 5405 'l'hietmari
1317 5345 1404 5406 Pere-
1514 5351 1581 5420 135)
1608 5344 1714 5420 Cedur]
1744 5345 1811 5406 Vid.
1839 5367 1866 5406 v.
1895 5347 2024 5406 Raurner
2051 5344 2115 5404 Pal.
2143 5365 2170 5422 p.
2194 5346 2265 5414 216,

587 5448 782 5525 grinationem
805 5468 828 5505 c.
849 5448 908 5506 111.
932 5451 949 5506 2
971 5467 1000 5525 p.
1024 5450 1040 5505 8
1063 5445 1198 5504 editionis
1221 5455 1345 5503 nostrae.
1448 5447 1497 5526 qui
1525 5447 1623 5503 ruinas
1652 5464 1743 5523 prope
1765 5444 1867 5504 Birket
1889 5444 2008 5505 er-Ram
2036 5444 2164 5502 iacentes
2192 5443 2267 5500 anti·

653 5550 722 5617 126)
743 5546 895 5621 Iosephus)
919 5546 952 5603 B.
973 5544 1004 5604 J.
1027 5546 1086 5604 111.
1113 5551 1157 5617 10,
1181 5550 1206 5603 7.
1448 5564 1535 5625 quam
1558 5543 1656 5602 Cedar
1677 5541 1740 5602 e'ssc
1763 5545 1886 5605 coniicit.

653 5648 722 5718 127)
743 5645 863 5719 Phiala]
894 5644 981 5702 Nune
1009 5642 1279 5702 Birhet·er·Rim.
1329 5642 1406 5702 Vide
1511 5647 1579 5714 136)
1602 5644 1644 5700 ad
1664 5662 1759 5718 aquas
1782 5643 1902 5717 Ilaron)
1925 5643 2022 5701 Lacus
2038 5641 2150 5699 hierem
2171 5658 2194 5696 s.
2213 5635 2267 5696 Sa·

588 5764 645 5801 van
668 5743 705 5803 de
728 5741 827 5802 Valdii
848 5742 980 5801 tabulam
1001 5761 1099 5819 geogr.
1122 5750 1191 5802 sect.
1211 5747 1237 5799 1.
1447 5741 1621 5801 mechonitis
1643 5760 1720 5799 nune
1744 5751 1788 5801 est
1809 5741 1960 5801 elflhleh.

654 5847 722 5917 128)
743 5842 866 5917 Medea}
889 5840 925 5900 V.
947 5840 1041 5900 Rittcr
1063 5839 1123 5898 XV
1144 5844 1196 5912 12).
1226 5844 1309 5899 1019.
1515 5845 1582 5912 137)
1613 5841 1709 5898 XXX
1735 5840 1859 5916 regibus)
1894 5841 2055 5898 Numerum
2089 5834 2266 5896 correximus

655 5944 722 6014 129)
745 5941 894 6016 Metiscus]
919 5939 989 5999 XV.
1012 5944 1059 6000 33.
1449 5950 1603 6018 sesquentes
1628 5940 1744 5998 lesuam
1767 5938 1839 5996 ΧΠ.
1864 5943 1910 5998 21.
