5334 6975
497 1695 794 1773 BURCHARDI
817 1695 886 1769 DE
912 1694 1094 1771 MONTE
1121 1695 1238 1771 SlON
1267 1693 1571 1773 DESCRIPTIO
1598 1696 1803 1772 TERRAE
1831 1694 2079 1770 SANC'PAE.

1133 1912 1448 1968 PROLOGUS.

573 2147 656 2213 Cum
678 2146 711 2209 in
732 2144 897 2209 ueteribus
919 2145 1062 2212 historiis
1089 2147 1253 2233 legamus,
1283 2149 1367 2213 sicut
1397 2147 1477 2213 dicit
1505 2146 1619 2212 beatus
1641 2147 1822 2211 leronimus
1835 2147 1873 2226 ¹),
1903 2143 2062 2230 quosdam
2083 2142 2162 2207 lu-t

446 2280 570 2331 strasse
592 2262 789 2350 prouincias,
810 2262 916 2326 maria
938 2264 1178 2345 transfretasse,
1200 2273 1236 2327 ut
1257 2286 1305 2345 ea,
1327 2286 1391 2352 que
1413 2287 1454 2329 ex
1476 2263 1570 2329 libris
1590 2271 1759 2342 nouerant,
1783 2282 1893 2324 coram
1916 2262 2022 2346 posita
2042 2258 2131 2323 uide-

445 2391 535 2462 rent,
567 2391 603 2444 ut
621 2378 717 2444 Plato
739 2377 967 2463 memphiticos
987 2389 1080 2443 uates
1102 2390 1135 2443 et
1155 2379 1325 2466 Egyptum
1345 2379 1557 2466 Apollonios,
1587 2380 1642 2465 qui
1662 2379 1782 2443 Persas
1803 2376 1955 2456 intrauit,
1977 2376 2132 2440 transisit

446 2497 639 2577 Caucasum,
661 2492 819 2574 Albanos,
842 2492 994 2580 Scythas,
1015 2494 1230 2580 Massagetas,
1245 2495 1383 2578 Indiam,
1399 2497 1657 2572 Brachmanas⁸)
1668 2495 1693 2572 ²)
1710 2515 1848 2579 quoquc,
1861 2510 1896 2557 ut
1910 2491 2095 2568 Iarchamb)
2108 2492 2132 2567 ³)

445 2612 582 2693 uideret,
606 2620 638 2676 ct
657 2608 789 2674 tandem
810 2608 977 2696 Egyptum
1000 2612 1150 2693 intrauit,
1173 2622 1209 2676 ut
1229 2612 1389 2678 famosam
1410 2635 1555 2678 mensam
1577 2611 1656 2676 solis
1679 2609 1808 2675 uideret
1829 2610 1862 2673 in
1885 2607 2017 2673 sabulo:
2052 2605 2131 2693 quid

445 2730 574 2809 mirum,
598 2728 626 2791 si
648 2724 828 2793 Christiani
847 2735 968 2790 terram
989 2725 1089 2808 illam,
1112 2750 1210 2813 quam
1232 2728 1356 2794 Christi
1378 2739 1495 2794 sonant
1518 2728 1654 2794 ecclesie
1675 2727 1846 2805 uniuersa,
1868 2723 1980 2789 uidere
2002 2734 2033 2787 et
2054 2724 2131 2787 uisi·

447 2854 518 2909 tare
540 2840 754 2907 desiderant?
786 2840 1037 2907 Uenerabantur
1058 2844 1183 2930 antiqui
1208 2854 1320 2908 sancta
1343 2855 1545 2926 sanctorum,
1568 2845 1645 2931 quia
1666 2842 1712 2908 ibi
1734 2852 1805 2906 erat
1827 2839 1927 2905 archa
1949 2840 2165 2904 testamentis

447 2969 479 3025 et
501 2956 669 3026 Cherubin
696 2979 770 3022 cum
794 2959 1028 3044 propiciatorio
1057 2970 1089 3025 et
1115 2982 1235 3025 manna
1264 2971 1297 3025 ct
1325 2962 1420 3046 uirga
1440 2960 1570 3040 Aaron,
1605 2982 1667 3047 que
1695 2957 1901 3038 fronduerat,
1935 2978 1997 3042 que
2025 2956 2134 3020 omnia

445 3085 541 3139 erant
560 3072 677 3138 umbra
694 3073 812 3155 furmi3
834 3095 941 3138 nonne
962 3074 1052 3161 apud
1071 3098 1130 3140 nos
1153 3075 1373 3142 uenerabilius
1395 3086 1444 3141 est
1465 3076 1652 3162 sepulerum
1668 3075 1770 3141 lhosu
1788 3072 1923 3153 Christi,
1946 3070 2032 3158 quod
2055 3093 2132 3157 quo·

447 3191 537 3255 dens
563 3192 635 3274 quis
655 3187 848 3274 ingreditur,
870 3190 994 3254 tociens
1015 3190 1194 3257 inuolutum
1217 3192 1354 3257 sindone
1377 3194 1494 3257 mentis
1516 3191 1618 3258 oculis
1638 3191 1728 3256 rudet
1749 3186 1978 3255 Saluatoremf
2006 3199 2038 3252 et
2052 3195 2165 3274 pau-³

446 3304 546 3371 lulum
576 3304 758 3392 procedens
787 3304 876 3369 uidet
906 3304 1049 3391 lapidem
1078 3308 1276 3390 reuolutum,
1305 3308 1457 3394 angelum
1487 3312 1520 3373 in
1547 3330 1586 3372 eo
1613 3306 1779 3371 sedentem
1807 3317 1838 3369 et
1869 3303 2036 3369 sudarium
2059 3325 2132 3367 cum

446 3420 689 3489 linteaminibus
719 3420 910 3486 mulieribus
943 3422 1189 3490 ostendentem?
1220 3425 1302 3506 Quis
1333 3424 1538 3492 Christianus
1572 3423 1636 3511 hijs
1665 3423 1746 3487 uisis
1774 3444 1838 3486 non
1866 3421 1996 3485 festinet
2023 3421 2167 3483 ueniret
2278 3497 2280 3500 Α

449 3537 648 3617 Bethlehem,
671 3538 896 3625 contemplans
907 3541 932 3615 ¹¹)
955 3561 1089 3626 puerum
1111 3543 1145 3606 in
1168 3542 1319 3629 presepio
1341 3542 1536 3626 uagientenr,
1557 3541 1700 3604 Mariam
1721 3542 1755 3603 in
1778 3538 1956 3603 diuersorio
1972 3536 2033 3602 sub
2051 3558 2134 3624 rupe

448 3676 611 3736 concaua,
643 3676 705 3740 que
726 3676 828 3738 usquc
849 3654 946 3720 hodie
975 3658 1132 3739 cernitur,
1160 3659 1358 3745 parientem,
1386 3657 1520 3742 angelos
1546 3655 1752 3742 presentibus
1777 3652 1964 3741 pastoribus
1992 3653 2131 3738 gloriam

447 3769 522 3836 Deo
543 3780 575 3835 et
594 3792 710 3857 pacem
730 3769 915 3836 hominibus
938 3771 1159 3856 decantantes,
1181 3786 1212 3839 et
1234 3772 1334 3861 (quod
1356 3773 1496 3860 amplius
1521 3770 1705 3836 mirandum
1726 3778 1787 3848 est)
1810 3770 1971 3857 quomodo
1994 3781 2061 3834 tres
2082 3768 2131 3834 illi

449 3885 540 3973 Magi
560 3887 730 3951 maiestate
758 3885 898 3972 preclari
926 3899 1001 3953 ante
1030 3893 1217 3977 presepium
1239 3897 1367 3966 ruant0)
1394 3912 1458 3954 non
1479 3887 1603 3953 habens
1626 3898 1744 3952 tectum
1770 3887 1911 3973 desuper
1932 3887 1996 3950 nisi
2018 3907 2131 3971 rupem

453 4001 715 4089 dependentem?
745 4002 870 4067 Redeat
891 4013 1005 4089 postca
1026 4006 1058 4069 in
1080 4006 1272 4088 Ierusalem,
1300 4017 1335 4071 ut
1356 4006 1465 4070 uideat
1487 4015 1518 4069 et
1541 4004 1654 4070 audiat
1675 4005 1707 4067 in
1730 4001 1851 4089 templo
1873 4002 2000 4067 lhcsum
2024 4001 2166 4087 predi-5

452 4123 593 4199 cantem,
621 4120 655 4182 in
676 4129 784 4183 monte
807 4117 916 4183 oliucti
938 4119 1118 4207 discipulos
1139 4124 1369 4204 instruentem,
1400 4129 1434 4186 in
1455 4131 1561 4186 monte
1583 4120 1664 4185 Sion
1686 4129 1871 4199 cenantem,
1898 4116 2132 4202 discipulorum

452 4232 551 4320 pedes
572 4233 755 4317 lauantcm,
778 4256 896 4321 corpus
919 4234 1019 4300 Suum
1042 4249 1073 4301 et
1095 4239 1287 4323 sanguinem
1310 4239 1508 4318 tradentem,
1530 4239 1564 4301 in
1587 4236 1800 4301 Gethsemani
1822 4244 1985 4314 orantem,
2014 4233 2133 4298 sudore

451 4351 628 4435 sanguineo
650 4348 861 4429 defluentem,
885 4350 1076 4417 traditorem
1099 4353 1315 4437 osculantem,
1338 4366 1469 4443 captum
1491 4354 1594 4436 trahi,
1622 4351 1731 4432 illudi,
1759 4351 1912 4435 conspui,
1944 4348 2133 4430 iudicatum,

450 4488 580 4531 crucem
601 4464 817 4549 baiulantem,
848 4466 906 4531 sub
929 4467 1074 4554 pondere
1096 4471 1201 4534 crucis
1224 4471 1258 4534 in
1279 4483 1376 4558 porta
1398 4472 1554 4552 ciuitatis,
1586 4471 1669 4534 sicut
1690 4468 1787 4533 hodie
1809 4468 1962 4547 cernitur,
1984 4466 2132 4530 deficien-

515 4667 543 4731 a)
565 4665 726 4733 haymaroa
743 4663 782 4720 St.
801 4696 833 4705 —
855 4663 884 4731 b)
904 4666 1063 4720 Icrarcleam
1081 4665 1114 4720 St
1126 4665 1144 4718 lr
1163 4695 1191 4705 -
1213 4674 1241 4730 o)
1259 4675 1375 4722 ruerant
1391 4666 1432 4723 St.

516 4826 543 4897 1)
565 4820 741 4896 fercannus]
766 4819 833 4882 Vid.
848 4820 1024 4900 Hieronymi
1039 4840 1129 4901 opera
1144 4820 1190 4881 ed.
1205 4822 1269 4885 Iob,
1313 4827 1356 4882 ad
1378 4833 1538 4882 extremam
1556 4823 1702 4881 latissimo
1714 4822 1836 4896 l'ltyson
1855 4838 1941 4876 arnae
1957 4819 2135 4876 transmisso

447 4920 633 5000 Martianay,
667 4927 736 4979 torn.
765 4918 809 4977 lv
841 4929 952 4998 partem
982 4919 1013 4978 11
1042 4922 1180 4999 paginam
1212 4926 1270 4982 568
1308 4923 1447 4998 pervenit
1469 4925 1512 4980 ad
1533 4921 1761 4992 Brachmanae,
1782 4927 1813 4976 at
1831 4919 1955 4976 lorcam
1977 4917 2009 4974 in
2030 4919 2136 4974 throno

448 5018 604 5097 epistolam
617 5017 652 5089 L,
674 5037 749 5096 quae
772 5029 817 5077 est
837 5019 968 5076 secunda
984 5017 1023 5077 ad
1039 5019 1206 5090 Paulinum,
1228 5022 1269 5079 in·
1312 5023 1573 5092 sedeatemaurco
1594 5053 1635 5062 -
1656 5018 1776 5077 audiret
1799 5019 1955 5074 docentem.

447 5119 573 5196 scripta:
597 5117 643 5174 De
665 5115 762 5174 studio
782 5118 998 5195 scripturarum.
1041 5117 1101 5177 Sed
1123 5118 1271 5177 haccme·
1375 5124 1407 5192 2)
1430 5118 1652 5194 Brachmanae]
1675 5117 1878 5174 Brachmanae
1906 5114 1933 5174 h.
1963 5115 1980 5173 l.
2009 5116 2136 5194 populus

447 5217 567 5275 moriter·
589 5223 701 5273 tantum
724 5216 857 5286 citantur,
878 5215 957 5294 quod
980 5215 1067 5276 docet
1080 5219 1270 5297 scriptionum
1312 5229 1395 5288 sunt,
1419 5238 1478 5276 non
1506 5216 1684 5276 sacerdotes.
1732 5214 1779 5275 Cf.
1811 5213 1899 5271 Plinii
1926 5213 1965 5271 Η.
1992 5213 2030 5274 N.
2054 5220 2071 5273 o
2098 5221 2132 5274 17

446 5313 646 5393 discrepantia
677 5315 748 5373 satis
781 5334 897 5391 magna.
946 5315 1147 5394 Hieronymus
1175 5318 1268 5376 enim:
1312 5321 1367 5377 21:
1394 5319 1562 5375 Multarum
1581 5316 1712 5392 pentima
1735 5333 1890 5388 coynomen
1913 5315 2133 5374 Brachmanae.

448 5413 597 5489 Lepimus,
619 5412 727 5490 inquit,
749 5414 781 5469 in
803 5414 950 5471 netcribus
972 5415 1104 5473 historiis
1127 5418 1269 5493 quosdam
1376 5419 1406 5488 3)
1440 5425 1472 5472 at
1508 5415 1659 5488 Iacchum]
1699 5412 1900 5470 Hierarclram.
1950 5412 1996 5471 De
2022 5411 2135 5482 larclra,

448 5513 597 5568 lustrasse
615 5512 792 5586 provincias
815 5545 874 5585 -,
902 5523 934 5570 ut
957 5534 1033 5589 eoa,
1058 5535 1146 5590 qnos
1175 5536 1212 5572 ex
1233 5516 1268 5572 li·
1312 5514 1628 5592 Gyrnnosophistarunt
1653 5511 1795 5570 Pontifice
1816 5511 1962 5582 Maximo,
1987 5510 2044 5568 rid.
2066 5510 2135 5567 Fla·

447 5610 510 5667 bria
537 5617 702 5684 adunant,
731 5630 831 5667 coram
863 5631 1006 5687 quoquc
1035 5614 1177 5671 riderent.
1218 5614 1269 5671 Sic
1312 5615 1351 5671 vii
1366 5613 1536 5671 Philostrati
1555 5632 1631 5693 quae
1652 5621 1817 5688 supersunt,
1839 5630 1875 5666 cx
1899 5608 2027 5667 editione
2045 5606 2080 5666 C.
2097 5608 2132 5668 L.

445 5709 700 5784 Pythayoras
732 5710 930 5785 nserraphr'ticos
958 5721 1057 5785 vates,
1084 5713 1128 5769 sic
1156 5712 1269 5770 Plato
1311 5713 1439 5791 Kayseri
1463 5733 1531 5790 pag.
1554 5716 1609 5780 «19,
1639 5709 1689 5768 ubi
1720 5717 1764 5766 cst
1785 5706 1981 5766 Philostratus
2009 5705 2046 5766 dc
2075 5709 2135 5765 rita

446 5807 909 5883 Acyyptutn-Apollonius—
926 5809 1269 5885 intravitPcrsas‚per-
1312 5811 1463 5889 Apollonii
1480 5811 1652 5889 'l'yanensia
1671 5810 1708 5878 Γ,
1729 5827 1789 5868 xvr.
1830 5805 2065 5885 Quernsequnti.
2087 5828 2134 5865 co·

447 5905 590 5964 transivit
616 5904 799 5980 Caucasum,
820 5909 959 5977 Albanos,
982 5909 1122 5984 Scythae,
1145 5912 1269 5970 Massa·
1312 5910 1384 5969 dicis
1408 5908 1449 5967 St.
1473 5913 1660 5988 scriptionem
1683 5908 1867 5966 mutavimus.

442 6014 538 6080 yetus,
561 6005 785 6080 opulentissima
808 6007 915 6064 Indiae
939 6027 1033 6083 reyna
1052 6009 1225 6082 pcrrctraoft
1241 6018 1268 6066 et
1375 6013 1406 6081 4)
1428 6010 1640 6083 contenplans]
1665 6006 1781 6064 Malim:
1804 6007 2064 6078 coatcruplataras.

1886 6119 1919 6166 3.
