5334 6975
1294 682 1333 744 63

480 864 570 928 fleuit
603 861 807 926 amarissime
836 881 933 946 super
954 857 1053 923 illam.
1095 857 1316 922 Procedamus
1338 881 1432 944 ergo,
1464 870 1496 922 et
1516 860 1600 922 inter
1621 857 1725 922 locum
1748 859 1903 923 orationis
1926 858 1995 923 eius
2017 860 2051 922 in
2073 882 2149 945 ago-

478 981 533 1043 nia
556 976 710 1044 stlocum
733 976 930 1062 captiuitatis
952 976 1021 1038 eius
1042 977 1076 1037 in
1099 971 1309 1037 Gethsemani
1336 987 1538 1039 transeamus
1565 983 1740 1039 torrentem
1762 973 1891 1041 Cedron
1913 985 1945 1038 et
1965 995 2150 1059 sequamur,

478 1095 505 1159 si
533 1092 820 1178 quomodocunque
847 1089 1041 1155 concedatur
1072 1088 1165 1155 nobis
1202 1088 1312 1152 uenire
1344 1092 1378 1154 in
1406 1088 1587 1174 Golgatha,
1627 1088 1682 1154 ubi
1711 1099 1869 1154 steterunt
1906 1089 1964 1153 fixi
1991 1090 2026 1153 in
2054 1112 2151 1155 cruce

477 1209 613 1274 fluentes
636 1209 792 1292 sanguine
812 1205 911 1292 pedes
933 1207 1017 1286 eius,
1044 1206 1221 1270 moriamur
1244 1201 1291 1267 ibi
1314 1227 1386 1270 cum
1409 1204 1549 1285 Christo,
1571 1214 1607 1269 ut
1628 1226 1700 1268 cum
1722 1204 1771 1271 Eo
1786 1207 1909 1291 pariter
1922 1205 2149 1290 resurgamus!

1178 1384 1445 1453 IERUSALEM.

603 1519 692 1585 VIII.
734 1525 897 1581 Ierusalem
919 1522 1036 1604 igitur,
1058 1519 1173 1583 ciuitas
1195 1518 1259 1583 Dei
1282 1517 1422 1602 Summi,
1447 1519 1488 1584 de
1509 1542 1573 1608 qua
1594 1519 1681 1584 dicta
1704 1532 1777 1583 sunt
1797 1529 1828 1583 θῖ
1848 1518 1997 1583 dicuntur
2019 1518 2180 1584 cottidie!

479 1639 632 1727 gloriosa,
655 1638 718 1699 sita
740 1637 842 1699 estin
863 1645 952 1701 terra
973 1647 1151 1700 montuosa.
1186 1633 1313 1699 Montes
1335 1636 1421 1698 enim
1444 1638 1563 1700 suntin
1582 1637 1719 1700 circuitu
1737 1636 1815 1701 eius.
1848 1634 1958 1700 Habet
1972 1635 2149 1713 uero⁸i⁴²⁹)

482 1777 541 1842 per
564 1753 733 1817 circuitum
755 1761 875 1814 terram
894 1751 1031 1816 fertilem
1053 1763 1085 1816 et
1105 1751 1234 1833 bonam,
1256 1759 1462 1836 preterquam
1481 1764 1593 1816 contra
1608 1751 1762 1815 orientem
1780 1761 1812 1816 θῖ
1824 1749 2003 1815 Iordanem.
2038 1749 2150 1816 Distat

481 1869 523 1935 ab
545 1870 656 1934 Accon
676 1864 825 1930 XXXVI
845 1863 995 1949 leucisb),
1018 1890 1079 1954 que
1102 1879 1150 1931 est
1173 1879 1285 1932 contra
1307 1866 1506 1949 aquilonem,
1529 1888 1549 1931 a
1571 1865 1706 1931 Sebaste
1728 1867 1796 1930 siue
1819 1865 1967 1931 Samaria
1987 1866 2086 1948 XVI,
2109 1866 2149 1931 de

480 1985 610 2051 Siehem
630 1981 727 2064 XIII,
758 1980 798 2045 de
818 1981 1012 2058 >lazar-etho)
1034 1981 1207 2046 XXXVII.
1249 1980 1333 2059 Hed)
1361 2004 1471 2047 omnes
1498 1992 1572 2046 sunt
1599 1991 1712 2047 contra
1743 1982 1932 2067 aquilonem.
1974 1981 2026 2046 De
2046 1983 2149 2068 Ioppe

480 2100 568 2165 XIII.
611 2098 682 2162 Hec
710 2106 758 2161 est
786 2098 855 2162 fere
882 2096 1105 2178 occidentalis,
1134 2119 1270 2183 paruum
1292 2108 1400 2162 tamen
1423 2096 1623 2185 aquilonalis.
1664 2096 1717 2161 De
1739 2097 1864 2163 Iericho
1886 2097 1957 2162 VII.
2007 2098 2079 2162 Hec
2101 2106 2149 2162 est

481 2213 657 2282 orientalis.
698 2212 750 2278 De
771 2211 956 2277 Bethlehem
975 2212 1016 2293 II,
1039 2212 1079 2277 de
1094 2212 1203 2277 Tecua
1227 2212 1314 2295 VIII,
1338 2213 1378 2277 de
1398 2212 1511 2278 Ebron
1530 2213 1618 2279 VIII.
1662 2213 1743 2291 He0)
1765 2223 1840 2277 sunt
1861 2222 1974 2277 contra
1994 2223 2148 2279 austrum.

603 2332 661 2394 Est
687 2339 792 2394 autem
824 2329 857 2392 in
886 2326 1035 2404 decliuis)
1063 2329 1180 2392 montis
1209 2331 1271 2392 sita
1299 2328 1489 2415 dupliciter,
1517 2341 1549 2393 θῖ
1577 2328 1618 2394 ab
1646 2339 1755 2394 austro
1777 2328 1927 2393 uidelicet
1948 2339 1979 2394 θῖ
2001 2328 2043 2394 ab
2064 2332 2147 2395 occi·

481 2446 594 2524 dente,
618 2444 659 2508 ab
682 2455 792 2508 austro
815 2445 877 2509 sita
897 2445 932 2507 in
953 2442 1054 2507 latere
1077 2445 1194 2507 montis
1217 2442 1304 2518 SIou,
1324 2446 1422 2509 immo
1444 2447 1563 2531 partim
1584 2446 1618 2509 in
1638 2446 1710 2531 ipso
1730 2456 1854 2526 monte,
1881 2447 2002 2532 partim
2022 2448 2056 2511 in
2079 2448 2149 2513 eius

481 2562 648 2628 descensu.
680 2557 859 2623 Descendit
881 2570 987 2623 autem
1008 2557 1173 2644 longitudo
1197 2561 1265 2623 eius
1287 2558 1328 2624 ab
1351 2561 1422 2646 ipso
1444 2572 1550 2625 monte
1563 2560 1650 2636 Sion,
1669 2582 1703 2625 se
1725 2561 1901 2626 extendens
1923 2572 2036 2626 contra
2059 2564 2148 2649 aqui·

482 2678 598 2744 louem.
639 2673 880 2742 Ahoccidente
901 2697 977 2740 uero
997 2673 1095 2738 habet
1116 2685 1255 2768 montem
1274 2678 1353 2738 (lion
1365 2676 1432 2757 ⁴³⁰),
1455 2687 1486 2741 et
1506 2676 1666 2763 dependet
1686 2676 1728 2741 ab
1748 2678 1820 2763 ipso
1840 2677 1908 2741 eius
1921 2676 2057 2743 latitudo
2074 2699 2147 2742 con·

480 2805 532 2859 tra
555 2795 710 2859 orientem
731 2813 832 2877 usque
854 2789 896 2854 ad
915 2799 1090 2855 torrentem
1113 2789 1241 2857 Cedron
1263 2791 1331 2856 siue
1352 2791 1469 2857 uallem
1490 2792 1656 2879 iosaphat,
1677 2791 1764 2879 quod
1784 2791 1870 2857 idem
1891 2803 1947 2859 est.

603 2909 666 2973 Est
685 2908 799 2971 ciuitas
807 2915 833 2984 ⁸)
854 2904 935 2970 bene
957 2927 1086 2990 magna,
1107 2918 1142 2970 ut
1161 2906 1246 2971 infra
1267 2906 1400 2971 dicetur.
1442 2907 1486 2972 Et
1507 2931 1570 2974 non
1592 2918 1658 2990 est,
1681 2918 1716 2972 ut
1737 2908 1868 2995 quidam
1890 2908 2093 2990 fabulantur,
2115 2911 2149 2973 in

483 3026 546 3092 alio
567 3025 637 3091 loco
661 3024 739 3104 sita,
767 3027 900 3108 quaml)
925 3022 986 3085 fuit
1013 3037 1158 3107 tempore
1178 3021 1347 3088 Passionis
1369 3022 1556 3106 Dominice,
1589 3035 1849 3109 argumentantes
1877 3048 1937 3111 pro
1967 3034 2061 3112 parte
2082 3025 2148 3107 illa,

481 3139 582 3229 quod,
614 3161 686 3204 cum
707 3137 867 3202 Dominus
894 3138 989 3202 fuerit
1017 3150 1110 3201 extra
1132 3149 1257 3223 portam
1277 3159 1394 3224 passus
1416 3151 1447 3203 et
1468 3161 1552 3203 nunc
1571 3141 1642 3225 ipse
1662 3138 1751 3204 locus
1774 3141 1816 3204 sit
1835 3141 1922 3204 intra
1941 3141 2048 3205 menia
2070 3142 2148 3205 ciui·

481 3258 574 3338 tatis,
599 3255 672 3320 ideo
693 3256 735 3318 sit
753 3255 787 3317 in
810 3252 873 3317 alio
896 3252 966 3318 loco
989 3254 1058 3317 sita.
1101 3252 1159 3316 Isti
1180 3253 1342 3335 nesciunt,
1364 3253 1443 3340 quid
1464 3253 1676 3341 loquuntur¹),
1707 3263 1739 3319 θῖ
1760 3254 1871 3319 uolunt
1893 3277 1932 3320 ea
1954 3256 2052 3337 scire,
2086 3279 2148 3341 que

481 3394 545 3438 non
573 3370 733 3436 uiderunt.
778 3369 865 3433 Situs
893 3371 978 3433 enim
1002 3369 1097 3433 huius
1126 3369 1265 3432 ciuitatis
1289 3380 1339 3433 est
1360 3380 1391 3433 et
1412 3391 1538 3455 semper
1559 3370 1633 3450 fuit,
1662 3369 1747 3457 quod
1769 3382 1918 3434 manente
1937 3370 2058 3457 templo
2080 3369 2147 3436 Do·

480 3490 558 3554 mini
580 3490 666 3552 intra
686 3509 795 3552 muros
816 3486 957 3550 ciuitatis
981 3484 1111 3549 stultum
1135 3484 1257 3567 firisset,
1278 3486 1376 3550 immo
1398 3486 1527 3550 omnino
1549 3483 1749 3572 impossibile
1770 3507 1842 3550 eam
1864 3485 1906 3550 ad
1928 3485 2033 3553 locum
2048 3484 2147 3552 alium

478 3606 655 3671 transferre
677 3613 809 3689 propter
830 3600 974 3666 locorum
997 3602 1203 3666 munitionem
1225 3624 1265 3666 ex
1295 3603 1382 3666 omni
1409 3614 1518 3687 parte,
1547 3604 1655 3678 cumk)
1686 3601 1823 3667 similem
1851 3605 2061 3669 munitionem
2083 3626 2149 3668 non

486 3733 598 3809 posset
617 3718 738 3784 habere
761 3716 839 3782 alibi
863 3716 1097 3804 quoquomodo.
1128 3717 1188 3781 Est
1211 3729 1316 3781 tamen
1341 3718 1373 3781 in
1394 3719 1442 3781 rei
1464 3718 1598 3781 ueritate
1616 3718 1650 3781 in
1670 3716 1838 3783 latitudine
1852 3719 2017 3806 ampliata,
2038 3731 2070 3783 et
2083 3741 2149 3783 non

480 3840 512 3902 in
532 3834 751 3922 longitudine,
780 3838 837 3910 etl)
859 3844 967 3897 manet
989 3845 1056 3897 tota
1079 3834 1191 3897 ciuitas
1211 3834 1347 3918 antiqua
1368 3854 1440 3896 cum
1460 3846 1568 3898 monte
1591 3833 1668 3899 Sion
1688 3835 1773 3898 intra
1794 3840 1945 3911 murosm)
1967 3845 1999 3898 et
2019 3833 2147 3899 inhabi-

479 3966 576 4033 tatur,
601 3950 658 4015 sed
680 3971 765 4015 nunc
785 3949 847 4013 hoc
868 3961 1015 4034 tempore
1035 3949 1131 4034 pauci
1154 3959 1227 4011 sunt
1248 3946 1421 4012 admodum
1442 3947 1641 4015 habitatores
1669 3973 1729 4036 pro
1752 3960 1839 4014 tante
1866 3950 2047 4035 capacitate
2070 3949 2146 4014 ciui·

481 4071 566 4151 tatis,
592 4070 669 4155 quia
687 4064 887 4138 habitatores
909 4067 978 4128 eius
1000 4073 1073 4126 sunt
1094 4063 1185 4149 quasi
1208 4063 1357 4127 continue
1379 4065 1414 4126 in
1435 4065 1628 4140 timore⁴³¹).
1670 4064 1926 4151 Dispositionem
1947 4077 2056 4130 tamen
2077 4065 2146 4128 eius

481 4187 690 4271 antiquans),
712 4192 866 4268 quantum
888 4180 987 4265 potui,
1010 4177 1173 4262 indagaui.

545 4318 573 4387 a)
590 4316 661 4369 atim
679 4311 719 4368 st.
736 4320 824 4366 autom
840 4310 866 4364 h
886 4340 918 4348 -
936 4309 966 4380 h)
982 4309 1017 4363 ab
1035 4314 1125 4362 Aceoa
1142 4309 1275 4362 XXXVI
1288 4309 1373 4363 leucas
1390 4309 1417 4362 h.
1434 4314 1462 4363 θῖ
1478 4310 1556 4363 codd.
1575 4316 1644 4363 urat.
1660 4341 1694 4350 —
1719 4314 1745 4379 c)
1761 4313 1844 4364 claua
1862 4312 1955 4365 sareht
1974 4308 2014 4366 st.
2033 4312 2068 4364 de
2085 4311 2146 4364 Nu·

613 4398 705 4451 zareth
722 4395 748 4449 h.
767 4425 799 4434 -
817 4394 845 4460 d)
863 4394 909 4447 hec
927 4389 959 4446 St
970 4390 995 4445 h.
1017 4422 1044 4430 -
1064 4394 1089 4461 e)
1105 4391 1152 4445 hec
1172 4390 1240 4447 sth.
1260 4424 1292 4433 -
1316 4393 1342 4461 f)
1361 4393 1469 4447 declino
1488 4391 1528 4447 St.
1547 4393 1649 4447 ‹lacliua'
1665 4392 1691 4446 h.
1716 4424 1749 4433 -
1772 4396 1802 4465 g)
1819 4397 1855 4446 Et
1871 4394 1971 4447 ciuitas
1989 4393 2028 4449 St.
2055 4396 2092 4447 Εῖ
2108 4401 2148 4449 est

612 4482 711 4536 civitas
729 4478 754 4534 h.
789 4479 829 4531 Et
845 4476 873 4530 in
890 4484 929 4530 est
946 4492 960 4529 θ
980 4474 1138 4528 coniectura
1157 4476 1330 4529 mutavimus.
1344 4507 1377 4517 -
1396 4475 1425 4544 h)
1443 4476 1536 4531 Verba
1554 4495 1631 4543 maara
1648 4478 1707 4541 suit
1725 4485 1844 4548 ternpore
1856 4508 1886 4516 -
1906 4479 1968 4532 ideo
1986 4479 2023 4532 ait
2040 4478 2069 4530 ia
2086 4477 2146 4532 alio

613 4566 674 4620 loco
691 4566 747 4619 situ
764 4580 816 4618 om.
835 4560 875 4616 St.
891 4591 924 4602 —
940 4559 958 4625 i)
977 4558 1101 4612 locaretur
1118 4559 1158 4613 St.
1178 4589 1210 4598 -
1228 4559 1258 4630 k)
1275 4577 1333 4613 mm
1355 4577 1408 4614 om.
1428 4558 1467 4615 St.
1484 4589 1517 4600 -
1535 4559 1555 4631 l)
1571 4562 1621 4613 secl
1639 4559 1678 4616 St.
1702 4564 1769 4615 Εῖθ
1786 4561 1946 4616 coniectura
1965 4561 2036 4616 dedi.
2055 4591 2087 4601 —
2107 4564 2146 4627 m)

610 4667 703 4703 muros
719 4637 886 4702 {habitatur
905 4642 945 4698 St.
964 4650 989 4696 ct
1007 4642 1146 4695 habiatur
1163 4642 1189 4697 h.
1209 4672 1241 4682 -
1259 4646 1288 4709 n)
1309 4650 1371 4698 cate
1391 4662 1471 4713 qulam
1487 4645 1568 4713 pomi
1582 4645 1719 4714 imaqaai
1735 4643 1776 4699 St.

477 4791 555 4831 nunc
577 4781 629 4844 est,
652 4771 821 4830 monialium
842 4767 899 4828 vid.
920 4766 1070 4825 Robinson
1093 4764 1155 4824 Pal.
1168 4764 1210 4823 ll.
1224 4768 1292 4837 310,
1334 4786 1364 4845 p.
1386 4770 1420 4826 12
1444 4785 1487 4844 sq.
1515 4776 1545 4824 et
1564 4763 1597 4825 C.
1620 4764 1669 4826 W.
1688 4764 1729 4825 M.
1756 4786 1814 4825 van
1841 4765 1878 4826 de
1898 4765 1993 4826 Velde
2013 4766 2088 4825 Plan
2116 4767 2151 4826 of

478 4872 527 4951 qui
548 4869 750 4929 Burcbardum
770 4867 883 4926 disertis
905 4864 1000 4924 verbis
1022 4864 1098 4923 citat.
1334 4864 1384 4925 tha
1405 4877 1483 4923 town
1505 4862 1563 4922 and
1585 4866 1720 4924 environs
1741 4865 1775 4924 ol
1785 4867 1944 4926 Ierusalem
1962 4864 2146 4925 constructed

540 4972 612 5043 429)
629 4971 729 5027 Habet
756 4967 835 5043 asro]
866 4964 1049 5024 Vocabulum
1079 4980 1149 5020 uero
1180 4981 1196 5021 e
1224 4980 1292 5020 con·
1334 4963 1408 5022 from
1430 4962 1480 5022 the
1512 4963 1639 5041 English
1661 4962 1958 5043 OrdnanceSurvey
1988 4963 2047 5024 and
2069 4984 2146 5024 mea-

479 5069 589 5129 iectura
613 5067 755 5127 dedimus.
1335 5071 1495 5122 surements
1517 5062 1551 5122 of
1568 5063 1621 5126 Dr.
1643 5063 1681 5123 T.
1704 5063 1824 5124 Tables.
1858 5061 1941 5121 With
1961 5061 2086 5123 Memoir
2105 5062 2147 5142 by

541 5171 612 5240 430)
637 5166 724 5241 Gion]
752 5165 868 5224 Nomen
890 5160 968 5222 Gion
994 5157 1073 5241 apud
1093 5155 1292 5217 Burchardum
1333 5161 1386 5221 Dr.
1410 5160 1496 5253 Titus
1519 5160 1639 5222 Tables.
1665 5166 1741 5224 1858
1762 5160 1869 5222 Gotho.
1907 5160 1974 5236 Qua
1994 5163 2024 5219 in
2045 5161 2148 5220 tabula

479 5268 603 5345 primum
631 5265 754 5324 inveniri
781 5271 880 5322 censet
907 5260 1059 5320 Robinson
1085 5256 1149 5316 Pal.
1176 5256 1219 5316 Π.
1241 5258 1290 5316 25.
1332 5259 1417 5319 Iehal
1437 5259 1510 5318 Deir
1528 5259 1599 5319 Abu
1623 5260 1693 5333 Tor,
1715 5261 1765 5340 qui
1787 5272 1832 5320 est
1852 5280 1936 5319 mons
1958 5258 2064 5330 Gihon,
2087 5279 2146 5320 me·

477 5363 571 5424 Monti
593 5361 672 5423 Gion
694 5383 717 5424 s.
740 5361 837 5421 Gihon
867 5360 954 5418 aliurn
983 5377 1019 5417 ac
1039 5353 1224 5415 Burchardus
1249 5354 1291 5413 lo·
1331 5357 1434 5418 ridiem
1457 5378 1557 5419 versus
1579 5368 1700 5439 spectat.

479 5484 543 5523 cum
569 5463 701 5540 assignat
730 5459 877 5519 Toblcrus
909 5458 939 5516 in
970 5455 1071 5515 tabula
1099 5473 1197 5532 geogr.
1225 5452 1291 5512 libri
1397 5461 1468 5532 431)
1490 5459 1625 5516 continue
1655 5458 1685 5515 in
1706 5457 1816 5533 timore]
1846 5456 1914 5517 Hoc
1940 5458 2002 5520 fere
2028 5460 2092 5519 loco
2115 5460 2144 5519 in

477 5563 610 5641 inscripti
623 5561 681 5620 Die
696 5556 903 5637 Siloahqualle.
944 5551 1129 5612 Burchardus
1150 5554 1227 5612 enim
1245 5572 1293 5611 oc·
1335 5557 1446 5636 priore,
1476 5576 1562 5636 quam
1589 5555 1774 5616 Barchardus
1799 5558 1864 5636 ipse
1892 5558 2019 5629 curavit,
2046 5576 2145 5616 recen·

479 5660 640 5737 cidentem,
662 5658 809 5718 'Pohlerus
829 5653 978 5714 meridiem
998 5671 1099 5711 vorsus
1114 5653 1198 5731 ponit
1217 5671 1293 5711 eum.
1335 5657 1417 5716 sione
1445 5654 1483 5714 ad
1510 5654 1599 5715 fidem
1626 5654 1758 5715 codicum
1788 5655 2051 5715 vratislaviensium
2072 5653 2145 5713 haec

479 5758 539 5820 Sed
576 5757 680 5818 videas
712 5756 749 5817 de
785 5755 839 5814 boc
873 5748 1032 5811 Barchardi
1064 5749 1128 5808 loco
1170 5749 1293 5809 'I‘obleri
1334 5753 1493 5813 adduntur:
1515 5753 1707 5833 „Vbicunque
1731 5755 1809 5814 onim
1825 5754 1880 5814 sibi
1894 5753 2043 5834 placuerit,
2062 5753 2145 5833 quili-

480 5860 551 5919 επεὶ
583 5856 699 5917 Bticher
724 5852 932 5935 'Popographie
960 5870 1017 5909 von
1039 5844 1205 5910 Jerusalem
1234 5847 1292 5906 und
1334 5853 1384 5913 bet
1411 5852 1492 5931 eligit
1518 5855 1712 5925 mansionem,
1742 5872 1777 5913 eo
1809 5851 1887 5932 quod
1915 5852 2012 5931 plures
2041 5850 2145 5912 domus

480 5960 578 6018 seiaen
611 5955 834 6034 Umgebungen.
877 5949 971 6011 Berol.
1003 5952 1078 6010 1853
1102 5968 1143 6026 sq.
1170 5945 1236 6007 Vol.
1259 5947 1293 6007 Π
1333 5961 1448 6012 vacant.
1498 5952 1621 6013 Videtur
1648 5965 1744 6013 autem
1773 5952 1843 6012 mihi
1869 5954 1910 6021 (at
1935 5953 1964 6009 in
1993 5950 2048 6012 hoc
2075 5953 2145 6012 mihi
