5334 6975
1333 685 1390 743 140

477 884 504 933 11
525 885 588 926 non
611 860 758 925 hominis.
801 860 908 924 Vnum
929 872 992 938 est,
1020 862 1096 945 quia
1115 862 1185 945 ipse
1207 860 1296 940 dicit,
1318 858 1404 947 quod
1427 859 1524 923 talem
1545 858 1664 923 librum
1687 883 1749 924 non
1773 874 1905 946 possent
1924 862 2032 925 facere
2060 883 2120 925 neo
2143 884 2200 926 1111-1

478 996 508 1046 11
525 977 590 1062 geli
611 1000 671 1040 nec
694 976 855 1040 demones.
897 974 996 1038 Aliud
1020 987 1077 1055 est,
1100 975 1195 1059 quod,
1218 978 1245 1039 si
1269 976 1441 1041 alcoranus
1463 997 1528 1039 non
1549 987 1633 1038 esset
1654 998 1674 1037 a
1688 976 1761 1040 Deo
1775 978 1843 1056 ²¹¹),
1866 978 1899 1040 in
1923 998 1960 1041 eo
1976 987 2085 1040 essent
2100 976 2200 1042 mrrlte

477 1113 507 1163 13
527 1094 784 1156 contrarietates.
821 1090 885 1154 Sed
898 1103 985 1154 certe
1001 1090 1099 1155 multe
1115 1105 1189 1154 sunt
1203 1093 1450 1156 contrarietates
1469 1092 1503 1153 in
1518 1113 1565 1171 eo,
1581 1101 1612 1153 et
1627 1091 1821 1155 contradicit
1837 1091 1898 1155 sibi
1920 1093 1995 1178 ipsi.
2033 1092 2116 1156 Nam
2129 1094 2199 1179 ipse

525 1209 557 1270 in
580 1206 726 1293 pluribus
748 1206 827 1271 locis
851 1206 1001 1291 prohibet
1022 1205 1228 1288 Sarracenis,
1258 1207 1344 1291 quod
1373 1231 1436 1271 non
1465 1205 1606 1269 debeant
1625 1206 1776 1270 altercari
1799 1229 1858 1271 noc
1887 1229 2005 1293 aspera
2028 1207 2131 1272 verba
2152 1208 2198 1273 di·

526 1344 597 1386 cere
621 1345 694 1386 cum
716 1321 899 1386 hominibus
921 1320 1053 1385 alterius
1076 1333 1172 1402 secte,
1193 1322 1251 1386 sed
1271 1321 1391 1385 debent
1411 1345 1465 1386 cos
1488 1321 1588 1386 libere
1612 1321 1773 1386 dimittere
1796 1322 1876 1403 Deo,
1900 1325 1955 1409 qui
1978 1322 2091 1408 dirigit
2106 1346 2200 1410 quem

527 1438 580 1501 wlt
602 1439 732 1502 etfacit
754 1461 864 1502 errare
886 1460 966 1523 quos
989 1437 1062 1516 wlt3
1083 1448 1114 1501 et
1135 1438 1221 1522 quod
1244 1439 1307 1523 ipsi
1328 1461 1391 1502 non
1414 1436 1534 1501 habent
1553 1437 1625 1501 Deo
1648 1437 1784 1501 reddere
1808 1439 1972 1502 racionem
1995 1439 2035 1503 de
2049 1439 2123 1521 illis,
2145 1443 2199 1525 qui

478 1570 507 1621 11
525 1565 651 1628 errant,
686 1555 762 1638 quia
785 1555 1001 1638 unusquisque
1024 1552 1086 1617 sibi
1108 1556 1172 1639 ipsi
1195 1566 1283 1617 errat
1305 1554 1355 1617 vel
1379 1554 1515 1639 proficit.
1558 1553 1601 1616 Et
1630 1555 1719 1639 prius
1742 1564 1869 1639 etpost
1896 1556 1929 1617 in
1951 1554 2099 1641 pluribus
2119 1555 2200 1621 locis

410 1666 412 1669 ⁵
478 1691 507 1738 15
525 1672 663 1756 precipit
686 1669 726 1732 de
748 1670 910 1750 alcorano,
934 1668 1061 1732 dicens:
1084 1669 1254 1750 „Occidite
1275 1670 1359 1750 illae,
1382 1670 1436 1754 qui
1457 1691 1520 1732 non
1543 1667 1693 1749 credunt,
1723 1668 1826 1733 donec
1849 1669 2012 1734 credant.“
2054 1672 2200 1737 Primum

526 1796 752 1871 argumentum
781 1784 938 1864 concedo,
971 1784 1093 1848 scilicet
1121 1785 1206 1870 quod
1236 1785 1344 1870 angeli
1365 1784 1451 1849 nullo
1473 1784 1570 1849 modo
1594 1786 1713 1848 scirent
1734 1783 1786 1847 vel
1806 1784 1925 1848 vellent
1951 1787 2058 1851 faeere
2081 1787 2200 1853 librum

527 1915 573 1965 tot
601 1900 778 1965 mendaciis
809 1913 840 1963 et
867 1899 1077 1985 blasphemiis
1106 1911 1137 1962 et
1165 1899 1418 1964 obscenitatibus
1449 1900 1595 1985 plenum,
1626 1899 1778 1964 demones
1807 1923 1884 1964 vero
1912 1901 1994 1966 bene
2028 1906 2200 1969 sciuerunt

479 2024 509 2073 16
528 2017 634 2082 Credo
657 2027 782 2097 tamen,
807 2015 894 2100 quod
916 2039 987 2079 cum
1007 2039 1124 2100 magno
1148 2027 1264 2079 conatu
1286 2026 1318 2079 et
1341 2015 1555 2080 sollicitudine
1576 2025 1623 2079 tot
1644 2016 1790 2078 facinora
1812 2026 1843 2080 et
1866 2016 1989 2081 scelera
2011 2041 2200 2105 composue-

479 2137 508 2187 17
528 2149 609 2196 runt.
660 2133 752 2197 Vnde
787 2135 889 2197 eciam
923 2134 956 2195 in
986 2131 1138 2196 alcorano
1178 2134 1333 2217 scriptum
1370 2144 1433 2211 cst,
1472 2130 1559 2218 quod
1590 2130 1761 2194 alcoranus
1782 2130 1896 2216 &placet
1926 2131 2134 2218 demonibus,
2169 2147 2201 2201 et

527 2249 655 2333 <prande
685 2253 792 2335 ipsum
823 2248 1016 2312 audiuerant
1039 2249 1203 2328 elyen212),
1229 2246 1314 2331 quod
1335 2248 1567 2331 interpretatur
1589 2246 1758 2327 demones,
1781 2245 1933 2311 admirati
1955 2264 2029 2314 sunt
2050 2251 2147 2317 valde
2168 2265 2200 2317 et

528 2364 833 2429 commendauerunt
853 2363 981 2443 librum,
1004 2379 1035 2426 et
1057 2363 1148 2426 multi
1171 2386 1210 2426 ex
1231 2364 1311 2448 ipsis
1335 2360 1525 2426 demonibus
1546 2362 1623 2425 facti
1647 2373 1720 2424 sunt
1742 2361 1925 2426 Sarraceni.

482 2570 509 2618 ra
652 2548 790 2612 Possunt
812 2547 911 2631 igitur
932 2545 1069 2609 faciliter
1092 2546 1240 2609 conuinci
1255 2543 1427 2607 Sarraceni
1450 2554 1480 2607 ct
1502 2544 1660 2607 confutari
1684 2566 1742 2630 per
1764 2542 1863 2607 libros
1887 2558 2013 2612 sanctos
2036 2562 2068 2613 et
2090 2561 2199 2616 aucto·

528 2666 656 2728 ritatem
681 2685 772 2725 sacre
795 2662 964 2746 scripture,
987 2684 1045 2746 per
1067 2661 1164 2725 libros
1189 2662 1293 2723 eciam
1316 2658 1583 2745 pbilosophorum
1606 2669 1637 2721 et
1661 2662 1746 2721 riam
1768 2661 1920 2742 racionis,
1941 2663 2068 2729 facilins
2090 2677 2199 2732 tamen

528 2804 585 2866 per
607 2786 711 2864 ipsum
735 2777 931 2855 alcoranum,
954 2779 1008 2863 qui
1031 2799 1121 2839 suam
1143 2779 1245 2861 ipsius
1266 2775 1443 2839 falsitatem
1465 2774 1738 2839 abhominabilem
1760 2797 1794 2839 se
1808 2775 1989 2861 legentibus
2005 2782 2198 2848 manifestat.

480 2910 509 2957 111
528 2897 668 2959 Possunt
690 2894 793 2956 eciam
815 2901 846 2954 et
866 2891 1005 2955 faciliter
1026 2893 1183 2955 contutari
1204 2914 1261 2977 per
1284 2893 1441 2955 nefariam
1464 2893 1565 2954 vitam
1594 2893 1643 2954 sui
1670 2891 1827 2977 prophete
1849 2891 2060 2977 Macbometi,
2090 2901 2145 2985 qui
2165 2900 2199 2963 in

478 3032 510 3079 111
528 3012 683 3090 luxuriis,
719 3008 887 3072 adulteriis
921 3021 952 3071 et
985 3010 1109 3093 rapinis
1137 3007 1352 3071 execrabilem
1373 3030 1474 3091 vsquc
1496 3006 1537 3069 ad
1560 3006 1655 3069 tinem
1678 3009 1777 3070 vitam
1800 3008 1902 3072 duxit.
1946 3012 2013 3075 Nec
2033 3012 2120 3077 valet
2142 3013 2198 3079 ali·

528 3126 605 3213 quid
626 3127 790 3210 responsio
815 3125 1084 3204 sarracenorum,
1113 3126 1166 3208 qui
1191 3124 1318 3203 dicunt,
1343 3122 1428 3208 quod
1451 3122 1581 3207 Moyses
1604 3123 1723 3186 occidit
1745 3139 1773 3186 et
1795 3125 1907 3190 Dauid
1927 3126 2140 3212 adulterauit,
2169 3141 2200 3195 et

528 3254 635 3306 tamen
657 3252 791 3326 vterque
813 3240 876 3305 Dei
896 3242 1031 3302 nuncius
1054 3256 1084 3302 et
1107 3239 1265 3324 propheta
1287 3239 1362 3318 fuit,
1395 3240 1471 3321 quia
1501 3240 1534 3301 in
1557 3238 1675 3302 talibus
1699 3238 1874 3304 sceleribus
1897 3266 1960 3306 non
1981 3243 2133 3309 linierunt
2152 3249 2198 3310 vi·

526 3371 602 3440 tam,
627 3358 682 3421 scd
707 3358 868 3420 inuenitur
890 3356 1043 3419 contricio
1067 3367 1098 3417 et
1120 3355 1303 3439 penitencia
1325 3377 1451 3434 eorum,
1476 3352 1516 3416 de
1536 3353 1738 3417 llaobometo
1762 3369 1870 3419 autem
1893 3381 1953 3421 nec
1968 3362 2123 3426 contricio
2139 3385 2197 3426 neo

529 3474 712 3560 penitencia
740 3475 919 3550 inuenitur,
946 3469 1002 3534 sed
1031 3493 1158 3554 semper
1187 3472 1219 3534 in
1241 3468 1389 3534 omnibus
1414 3468 1590 3532 sceleribus
1613 3468 1755 3534 addebat
1783 3470 2036 3558 blasphemiam,
2071 3476 2198 3543 dicens:

478 3591 640 3672 21„1)eus
667 3587 835 3651 mandauit
864 3587 976 3663 michi,
1008 3585 1093 3671 (prod
1123 3586 1186 3649 talc
1214 3585 1406 3650 adulterium
1439 3587 1699 3650 cornrnittcrcm.“
1750 3589 1804 3650 sic
1834 3588 1952 3673 legitur
1981 3593 2013 3654 in
2039 3592 2199 3672 alcorano,

529 3705 658 3792 quando
681 3716 852 3788 acceperat
876 3726 1009 3766 vxorem
1032 3702 1199 3764 cuiusdam
1223 3704 1318 3764 amici
1340 3704 1387 3764 sui
1411 3703 1538 3764 nomine
1561 3700 1671 3780 Zeicb,
1693 3723 1764 3764 cum
1787 3718 1986 3787 argueretur,
2009 3707 2106 3773 dixit:
2130 3711 2199 3793 „Ve

529 3822 597 3901 tibi,
621 3819 730 3900 Zeicb,
754 3820 829 3905 quia
846 3819 936 3882 Deus
960 3820 1123 3882 rnaritauit
1144 3840 1277 3880 vxorem
1300 3829 1387 3880 tuam
1411 3817 1517 3880 michi.
1560 3817 1602 3880 Et
1624 3828 1721 3880 testes
1743 3818 1969 3883 suntlllichael
1991 3833 2022 3885 et
2035 3823 2198 3890 Gabriel.“

477 3927 509 4043 ἐξ
528 3938 571 4001 Et
601 3938 677 4000 fecit
703 3934 778 3999 inde
805 3934 908 4019 legem
932 3947 962 3998 ct
982 3935 1157 4020 capitulum
1180 3936 1212 3996 in
1233 3932 1392 3997 alcorano.
1437 3932 1549 3996 Simile
1570 3934 1655 4014 fecit,
1684 3933 1813 4017 quando
1836 3936 2007 4002 concubuit
2029 3961 2101 4004 cum
2123 3965 2198 4026 qua·

528 4054 602 4117 dam
620 4051 776 4117 lacobina
797 4052 925 4114 nornine
938 4050 1071 4114 lllarica.
1107 4049 1287 4134 Respondit
1310 4049 1437 4112 dicens:
1462 4048 1573 4129 „Deus
1593 4048 1760 4111 mandauit
1776 4049 1883 4130 michi,
1908 4052 1994 4136 quod
2008 4078 2071 4119 non
2091 4080 2198 4123 serua·

478 4155 510 4273 ἐξ
528 4193 593 4234 rem
617 4169 859 4231 irrrarrrerrtum.“
903 4167 945 4229 Et
967 4167 1042 4229 feeit
1064 4165 1139 4229 inde
1163 4165 1339 4250 capitulum
1361 4165 1394 4227 in
1417 4164 1580 4257 alcorano.
1624 4164 1709 4243 Quia
1727 4187 1804 4227 vero
1827 4167 1993 4250 predictus
2023 4173 2197 4257 nepharius

528 4285 748 4349 llacbomctus
772 4282 856 4345 dixit
878 4306 912 4345 se
934 4304 1004 4345 esse
1027 4281 1218 4367 prophetam
1243 4295 1273 4343 et
1296 4283 1448 4344 nuncium
1472 4280 1534 4342 Dei
1558 4283 1691 4342 missum
1715 4302 1786 4342 curu
1810 4283 1965 4348 miraculo
1996 4288 2125 4352 virtutis
2146 4312 2197 4374 ge-

529 4402 684 4478 neratim,
707 4415 741 4460 vt
764 4398 880 4461 multos
903 4396 985 4460 filios
1008 4410 1188 4480 generaret,
1212 4408 1245 4458 vt
1267 4398 1520 4460 sarracenorum
1544 4395 1684 4480 populus
1706 4410 1893 4479 augeretur,
1917 4402 2199 4486 comprehenditur

529 4521 561 4580 in
583 4514 751 4578 mendacio
774 4525 930 4599 patenter,
955 4514 1030 4599 quia
1051 4526 1127 4574 tunc.
1149 4511 1266 4574 multas
1289 4535 1407 4575 rxorcs
1431 4511 1542 4575 babuit
1565 4525 1593 4573 et
1616 4511 1813 4575 concubinas
1835 4525 1866 4576 et
1886 4515 2037 4599 ancillas,
2067 4542 2130 4584 non
2153 4533 2197 4586 ta·

529 4654 601 4695 men
632 4628 746 4693 habuit
773 4631 833 4691 nisi
864 4652 958 4692 unam
981 4628 1096 4706 liliam,
1125 4651 1194 4689 cum
1220 4640 1341 4707 tamen,
1370 4643 1402 4690 vt
1427 4652 1461 4690 se
1491 4627 1649 4707 iactabat,
1680 4627 1822 4691 habebat
1844 4631 1993 4694 virtutem
2012 4633 2198 4702 luxuriandi

481 4758 684 4833 loquantum
708 4743 828 4807 babent
850 4743 1068 4828 quadraginta
1088 4741 1241 4807 homiues.
1285 4743 1353 4826 lpsi
1376 4745 1476 4805 eciam
1501 4745 1674 4806 sarraceni
1698 4743 1853 4808 inducunt
1875 4768 1935 4831 pro
1958 4748 2082 4814 efficaci
2106 4775 2198 4838 argu-

531 4876 657 4940 mento,
681 4859 766 4945 ‹puod
789 4858 1011 4921 blaclromctus
1023 4907 1032 4938 ,
1055 4858 1149 4921 homo
1170 4858 1303 4942 ydiota,
1329 4861 1397 4920 sine
1419 4859 1491 4921 Deo
1515 4882 1577 4922 uon
1599 4870 1707 4944 posset
1728 4883 1786 4922 nec
1809 4863 1966 4946 potuisset
1987 4865 2096 4930 facere
2118 4869 2200 4934 alco-

480 4996 511 5046 11
531 4986 661 5055 ranum,
689 4974 743 5036 vbi
774 4989 849 5037 sunt.
872 4986 936 5036 tam
959 4973 1059 5036 multa
1081 4971 1121 5035 dc
1143 4996 1225 5037 nouo
1248 4986 1279 5036 ct
1300 4976 1401 5036 veteri
1423 4985 1624 5037 testamento.
1669 4975 1794 5038 Tamen
1822 4990 1895 5040 sunt
1917 4978 1961 5042 ibi
1986 4981 2200 5068 multoplures

480 5110 512 5159 ts
531 5107 642 5156 contra
670 5113 788 5154 nouum
818 5101 1045 5152 testamentum
1075 5100 1106 5151 et
1133 5099 1237 5152 vetus.
1282 5089 1511 5152 Verumtamen
1540 5092 1753 5154 certissimum
1783 5102 1832 5155 est
1866 5095 1897 5156 in
1927 5096 2074 5161 omnibus
2103 5101 2200 5185 parti·

531 5208 589 5270 bus
613 5205 839 5285 orientalibus,
862 5205 948 5288 quod
970 5204 1191 5268 Machometus
1214 5203 1327 5268 babuit
1346 5217 1411 5267 tres
1433 5205 1636 5290 pedagogos,
1660 5205 1782 5269 scilicet
1805 5207 1886 5273 duos
1908 5209 2022 5275 ludeos
2034 5263 2043 5295 ,
2067 5237 2201 5300 quorum

530 5344 645 5387 nomen
674 5324 767 5385 vuius
792 5321 891 5386 Salon
915 5321 1016 5385 Persa
1044 5333 1075 5384 et
1105 5342 1221 5384 nomen
1249 5318 1381 5383 alterius
1404 5319 1565 5384 habdalla
1596 5321 1693 5407 (quod
1724 5323 1957 5410 interpretatur
1979 5351 2093 5395 seruus
2115 5331 2202 5414 Dei),

480 5437 615 5507 1911111111
639 5436 722 5500 Sela.
767 5436 810 5499 Et
829 5438 883 5499 isti
904 5439 981 5500 facti
1006 5447 1078 5499 sunt
1097 5434 1280 5515 Sarraceni,
1303 5448 1334 5498 et
1356 5435 1534 5500 docuerunt
1557 5459 1628 5499 eum
1651 5437 1752 5501 multa
1774 5438 1814 5502 de
1837 5444 1938 5505 veteri
1959 5455 2152 5513 testamento
2172 5459 2203 5513 et

481 5572 513 5620 311
530 5552 630 5617 multa
653 5552 693 5616 de
716 5552 865 5616 'l‘almud
908 5552 1000 5616 Alius
1023 5563 1128 5614 autem
1150 5551 1209 5614 fuit
1233 5550 1423 5632 monachus,
1447 5566 1478 5614 et
1499 5574 1613 5615 nomen
1636 5555 1705 5617 eius
1726 5554 1912 5641 Bahheyin,
1934 5558 2125 5645 lacobinus,
2148 5566 2202 5651 qui

532 5669 616 5732 dixit
638 5671 666 5731 ei
688 5668 788 5732 multa
811 5669 850 5732 de
872 5691 956 5732 nouo
980 5679 1168 5731 testamento
1192 5680 1223 5729 et
1244 5665 1382 5752 quedam
1406 5666 1445 5728 dc
1467 5667 1607 5751 quodam
1628 5667 1711 5734 libro
1735 5670 1775 5734 de
1803 5672 1945 5737 infancia
1968 5676 2150 5744 Saloatoris
2172 5690 2212 5744 et.

595 5907 664 5963 211,
688 5908 758 5959 coreo
784 5901 820 5958 G.
1453 5904 1523 5965 2122
1547 5900 1599 5958 Est
1620 5858 1709 6000 &dl
1734 5911 1897 5977 retractio).
