5334 6975
1102 1686 1528 1766 LEOTURIS

1304 1890 1331 1941 S.

2058 1967 2061 1974 .
2154 1961 2222 2052 ᾖ.

602 2120 737 2187 Odorici
758 2121 992 2186 Foroiuliensis
1013 2121 1134 2187 librum
1154 2123 1317 2209 quendam
1337 2121 1541 2207 indagantes,
1561 2120 1735 2186 incidimus
1758 2120 1793 2184 in
1815 2121 1900 2186 hanc
1913 2120 2042 2188 Ricoldi
2065 2141 2156 2207 pere·
2238 2127 2243 2136 '

477 2236 709 2321 grinationem,
749 2259 833 2322 quae
868 2240 1048 2303 continetur
1086 2238 1197 2304 codice
1224 2237 1516 2326 Guelpherbytano
1550 2237 1724 2322 inscripto:
1762 2236 1823 2302 No.
1853 2243 1893 2303 40
1924 2233 1998 2301 msti
2026 2234 2156 2321 Weiss,

478 2351 665 2434 chartaceo,
694 2354 801 2417 forma
822 2356 945 2418 maiore
952 2403 961 2435 ,
988 2353 1109 2418 saeculi
1131 2355 1227 2437 XIV,
1247 2355 1399 2420 foliorum
1422 2360 1489 2421 110.
1529 2353 1644 2417 Insunt
1663 2353 1833 2417 itineraria
1852 2352 1897 2416 M.
1918 2354 2013 2419 Pauli
2032 2343 2158 2434 Ven’eti,

478 2464 628 2549 Oderici,
658 2468 801 2552 Ricoldi‚
835 2468 1045 2535 Guilielmia
1076 2470 1276 2537 Boldensele.
1323 2468 1452 2535 Ricoldi
1476 2468 1521 2533 de
1549 2467 1767 2534 Montecrucis
1795 2472 2013 2556 peregrinatio
2040 2470 2158 2558 legitur

477 2580 563 2647 foliis
585 2582 788 2653 sab-sub.

604 2699 656 2764 De
677 2702 746 2765 vita
767 2701 895 2766 Ricoldi
916 2702 943 2764 si
967 2704 1095 2787 quaeris
1106 2751 1115 2785 ‚
1146 2702 1228 2765 haec
1249 2700 1317 2764 fere
1340 2698 1440 2764 habet
1459 2700 1599 2765 Iacobus
1620 2699 1734 2781 Quetif
1752 2724 1776 2765 s.
1796 2700 1929 2766 Echard
1948 2702 1983 2766 in
2004 2701 2088 2768 libro
2110 2705 2157 2767 in-

478 2814 614 2900 scripto:
638 2819 808 2896 Scriptores
829 2821 944 2879 ord-inis
959 2822 1205 2896 praedicatorum
1227 2816 1264 2881 Τ.
1286 2815 1303 2879 Ι
1322 2838 1353 2901 p.
1375 2814 1481 2882 504b:

603 2930 662 3011 „R
683 2931 847 3014 Ricoldus,
871 2932 943 2997 aliis
965 2933 1131 3020 Riculdus,
1150 2931 1203 2996 vel
1225 2932 1323 2995 etiam
1344 2931 1507 2996 Ricardus
1530 2932 1570 2995 de
1591 2932 1819 3013 Montecrucis,
1841 2931 2000 2998 Etruscus
2020 2934 2156 2999 Floren-

477 3046 573 3127 tinus,
597 3045 711 3111 domus
735 3047 874 3112 Sanctae
896 3047 1023 3112 Mariae
1044 3047 1200 3113 Novellae
1222 3046 1388 3127 alumnus,
1410 3048 1462 3109 vir
1484 3046 1632 3111 doctrina
1654 3069 1693 3112 ac
1713 3049 1834 3134 pietate
1856 3046 1979 3131 clarus,
2008 3049 2065 3114 sed
2088 3062 2154 3115 stu·

478 3159 533 3225 dio
554 3161 631 3226 fidei
653 3162 889 3249 propagandae
911 3163 1137 3228 ardentissimo
1158 3165 1326 3245 incensus,
1362 3160 1421 3226 sub
1448 3161 1546 3226 finem
1575 3163 1676 3226 seculi
1696 3163 1779 3228 XIII
1808 3174 1840 3228 et
1868 3165 1960 3228 initio
1993 3167 2155 3251 sequentis

478 3275 594 3341 floruit.
637 3278 733 3342 Iussu
760 3279 876 3342 summi
902 3279 1064 3367 pontificis
1092 3283 1125 3343 in
1147 3278 1262 3342 Asiam
1290 3299 1364 3343 cum
1387 3301 1422 3343 sc
1442 3276 1646 3360 contulisset,
1676 3278 1854 3343 infidelium
1875 3280 1909 3342 in
1928 3278 1994 3343 illis
2016 3281 2154 3365 regioni·

479 3390 540 3455 bus
560 3393 771 3458 orientalibus
795 3394 980 3479 degentium
1003 3406 1107 3459 terras
1129 3395 1334 3459 vastissimas
1357 3395 1556 3480 peragravit,
1580 3392 1699 3478 ubique
1721 3392 1824 3457 divini
1845 3392 1938 3457 verbi
1959 3416 2155 3480 praeconem

481 3509 651 3594 apostolici
679 3510 776 3596 plane
803 3513 945 3597 pectoris
978 3534 1012 3576 se
1041 3511 1213 3592 exhibens,
1243 3533 1282 3575 ac
1311 3510 1489 3574 innumeris
1522 3532 1583 3595 pro
1611 3509 1768 3596 religione
1789 3509 1964 3574 exantlatis
1987 3510 2155 3577 laboribus

480 3626 748 3711 gravissimisque
782 3626 870 3712 apud
897 3627 1144 3692 Mahumetanos
1177 3625 1456 3712 persecutionibus
1491 3627 1657 3712 perpessis
1687 3625 1833 3690 illustris.
1892 3625 1957 3691 Sed
1984 3626 2156 3711 praeclara

480 3740 549 3803 eius
576 3755 669 3826 gesta
697 3763 739 3804 ex
770 3743 838 3806 eius
866 3742 1034 3829 operibus,
1061 3765 1197 3828 quorum
1226 3742 1290 3807 duo
1310 3750 1498 3828 supersunt,
1530 3742 1650 3805 certius
1672 3751 1919 3826 cognoscentur.
1962 3742 2055 3807 Haec
2076 3765 2155 3807 vero
2241 3750 2244 3754 ’

481 3864 569 3918 sunt:
603 3864 627 3922 1.
649 3861 845 3920 Itinerarinm
861 3862 1114 3938 peregrinationis
1135 3865 1171 3923 F.
1193 3861 1316 3920 Riealdi
1335 3864 1400 3920 ord.
1424 3863 1488 3922 FF.
1510 3860 1768 3921 Praedicatoram.
1809 3858 1965 3922 Latinum
1992 3858 2073 3923 mihi
2090 3880 2156 3924 non

482 3972 637 4054 occurrit,
668 3972 725 4036 sed
748 3972 873 4038 Gallice
895 3997 915 4038 a
936 3976 975 4039 F.
1000 3975 1144 4040 Iohanne
1165 3973 1291 4059 Lelong
1319 3994 1404 4037 anno
1436 3978 1510 4039 1351
1546 3971 1708 4036 redditum
1735 3971 1805 4035 vidi
1827 3972 1964 4038 Parisiis
1991 3975 2026 4037 in
2051 3974 2157 4060 Regia

483 4084 550 4149 cod.
573 4091 672 4169 8389,
700 4088 782 4153 alias
803 4089 912 4172 XLII,
941 4113 961 4154 a
980 4089 1114 4154 Labbeo
1133 4090 1168 4154 in
1190 4089 1286 4175 Spec.
1308 4089 1407 4173 antiq.
1441 4087 1514 4151 lect.
1546 4110 1577 4173 p.
1601 4093 1661 4155 309
1688 4089 1869 4171 recensito,
1896 4091 1952 4175 qui
1974 4089 2078 4156 codex
2100 4090 2155 4155 fot.

480 4223 568 4265 marr.
597 4202 736 4288 pellibus
764 4205 908 4269 vitulinis
937 4205 1139 4290 elegantibus
1163 4213 1290 4268 constat
1318 4213 1351 4266 et
1372 4201 1485 4288 figuris
1513 4225 1593 4267 auro
1614 4204 1776 4287 minioque
1798 4201 1975 4287 distinctis,
2004 4228 2087 4292 quae
2108 4228 2156 4269 re·

481 4319 593 4403 gisnes
615 4330 647 4383 et
667 4319 774 4402 urbes,
797 4342 878 4405 quas
899 4324 934 4385 in
954 4321 1037 4385 Asia
1058 4319 1212 4385 Ricoldus
1233 4319 1410 4405 percurrit,
1432 4326 1678 4404 repraesentant
1685 4332 1697 4399 ,¹
1724 4317 1844 4405 ubique
1865 4320 1909 4384 ad
1931 4320 2081 4407 quodque
2103 4342 2156 4384 ca·

481 4445 541 4520 put
561 4445 694 4500 ornatur
716 4458 754 4500 ac
773 4438 881 4501 micat.
925 4436 1047 4502 Similis
1071 4435 1174 4500 codex
1196 4444 1383 4499 recensetur
1411 4435 1446 4497 in
1466 4431 1551 4497 Bibl.
1575 4432 1700 4499 Cotton.
1721 4434 1754 4497 in
1775 4434 1896 4520 Anglia
1916 4438 2058 4501 armario
2080 4439 2155 4498 Otto

481 4551 649 4636 inscripto,
670 4550 750 4615 Tab.
767 4552 864 4617 D.11.
882 4553 953 4617 cod.
970 4590 1010 4600 -
1032 4557 1059 4617 2.
1085 4554 1258 4627 Confutatio
1270 4553 1423 4613 Alcorani.
1455 4549 1557 4614 Extat
1572 4550 1606 4613 in
1623 4548 1763 4615 Oolbert.
1780 4550 1850 4617 cod.
1868 4551 2017 4619 2273f01.
2038 4549 2154 4615 memb.

482 4664 546 4745 Qui
574 4665 678 4731 codex
701 4667 846 4734 collectio
869 4679 917 4733 est
939 4668 1080 4755 plurium
1102 4665 1247 4731 eiusdem
1269 4667 1453 4750 argumenti
1471 4675 1676 4730 tractatuum.
1718 4666 1866 4731 Extabat
1888 4668 1987 4732 etiam
2009 4667 2155 4731 Venetiis

481 4781 571 4868 apud
607 4782 665 4846 SS.
688 4782 733 4846 Io.
761 4795 792 4848 et
812 4784 922 4866 Paul,
952 4806 993 4847 ex
1023 4806 1086 4870 quo
1112 4782 1151 4846 F.
1181 4782 1311 4846 Marcus
1332 4781 1492 4846 Antonius
1524 4781 1689 4846 Serafinus
1717 4782 1880 4862 Venetus,
1911 4782 2155 4865 baccalaureus,

481 4897 624 4962 eiusdem
647 4898 760 4963 domus
783 4901 913 4977 sodalis,
935 4900 1130 4986 primigenio
1150 4898 1291 4962 auctoris
1314 4896 1399 4982 stylo
1421 4897 1533 4983 praelo
1554 4899 1714 4962 commisit
1735 4897 1899 4981 Venetiis,
1932 4900 2021 4986 typis
2043 4897 2156 4962 Domi·

481 5013 547 5077 nici
577 5014 616 5077 de
636 5013 786 5081 Imbertis
813 5024 890 5084 1600
912 5018 946 5079 in
966 5022 1011 5097 4.,
1044 5036 1139 5101 pagg.
1164 5021 1213 5082 63.
1257 5013 1400 5077 Titulum
1429 5013 1548 5078 indidit
1568 5012 1704 5078 Editor:
1733 5019 1996 5095 Propnynocatam
2008 5018 2083 5097 fidei
2105 5019 2158 5075 tori

484 5131 674 5192 Christianae
697 5137 833 5212 religioni
852 5138 1010 5194 adversum
1031 5137 1185 5193 irrendacia
1208 5142 1235 5191 et
1256 5133 1451 5190 deliramenta
1464 5133 1683 5191 Saracenorum
1697 5135 1842 5192 Alcorani
1850 5138 2015 5211 praecipue
2031 5134 2156 5192 manime

481 5250 558 5307 utile.
603 5246 701 5310 Hunc
724 5257 897 5311 tractatum
919 5248 1107 5313 Demetrius
1129 5244 1311 5330 Cydonius,
1339 5243 1445 5308 medio
1468 5244 1575 5309 seculo
1596 5245 1676 5308 XlV
1695 5246 1824 5329 florens,
1852 5269 1869 5310 e
1890 5247 2007 5310 Latino
2031 5244 2157 5310 Graece

481 5360 643 5425 reddidit:
673 5385 757 5449 quae
787 5365 890 5427 versio
922 5374 1013 5427 extat
1034 5363 1139 5427 Paris.
1168 5362 1202 5424 in
1228 5359 1307 5443 Reg.
1335 5359 1407 5422 cod.
1437 5365 1515 5427 1836
1542 5359 1596 5424 fol.
1623 5384 1708 5446 mag.
1736 5362 1849 5426 charta
1876 5364 1989 5427 orient.
2015 5361 2156 5426 Titulus:

478 5471 658 5559 Ἀνατροπὴ
689 5474 908 5561 κεφαλαιώδης
936 5480 997 5541 τοῦ
1019 5475 1119 5559 νόμου
1146 5472 1284 5556 dimanet
1313 5469 1728 5557 1πὸμὲνῬινάρὸου(εἱο,
1762 5476 1820 5542 sed
1839 5478 1902 5564 leg.
1918 5473 2095 5558 Ῥικάρδου)
2116 5499 2155 5538 τι·

480 5589 535 5666 νὸς
556 5591 715 5657 {arcessas
737 5600 909 5668 lass-vineis.
951 5596 1121 5672 Consumtis
1145 5595 1308 5654 seminaria
1330 5595 1402 5670 lepis
1424 5596 1585 5653 hlabonreti
1606 5617 1626 5654 α
1646 5597 1916 5674 qnorlarnliicardo
1936 5598 2045 5656 Latine
2066 5597 2155 5655 edita.

481 5709 547 5775 Cur
568 5710 697 5775 Riculdi
719 5733 835 5775 nomon
856 5711 890 5774 in
911 5710 1044 5774 Ricardi
1063 5711 1237 5775 mutaverit
1258 5708 1463 5788 Demetrius,
1485 5709 1636 5792 ignorare
1658 5731 1709 5773 me
1730 5711 1853 5794 fateor,
1875 5712 1939 5775 nisi
1965 5711 2075 5774 forsan
2098 5732 2156 5772 sua

481 5839 587 5892 aetate
611 5851 631 5892 a
653 5827 848 5912 quibusdam
868 5825 1030 5890 Ricardus
1051 5827 1235 5889 nominatus
1256 5824 1362 5888 suerit.
1404 5822 1434 5885 Ε
1457 5821 1583 5888 Graeco
1604 5823 1766 5888 Demetrii
1779 5825 1896 5888 Latine
1919 5849 1953 5889 se
1974 5823 2157 5889 reddidisse

482 5942 640 6028 gloriatur
662 5943 930 6007 Bartholomaeus
951 5942 1089 6005 Picenus
1112 5940 1151 6005 de
1172 5939 1396 6022 Montearduo,
1419 5962 1516 6023 quam
1537 5939 1780 6004 translationem
1803 5939 1905 6004 edidit
1920 5940 2041 6004 Romae
2065 5943 2153 6027 typis
