<?xml version="1.0" encoding="UTF-8"?>
<!DOCTYPE html PUBLIC "-//W3C//DTD XHTML 1.0 Transitional//EN"
    "http://www.w3.org/TR/xhtml1/DTD/xhtml1-transitional.dtd">
<html xmlns="http://www.w3.org/1999/xhtml" xml:lang="en" lang="en">
 <head>
  <title>
</title>
<meta http-equiv="Content-Type" content="text/html;charset=utf-8" />
  <meta name='ocr-system' content='tesseract 3.04.00' />
  <meta name='ocr-capabilities' content='ocr_page ocr_carea ocr_par ocr_line ocrx_word'/>
</head>
<body>
  <div class='ocr_page' id='page_1' title='image "./peregrinatoresm00brocgoog_0034.png"; bbox 0 0 5334 6975; ppageno 0'>
   <div class='ocr_carea' id='block_1_1' title="bbox 1453 688 1493 750">
    <p class='ocr_par' dir='ltr' id='par_1_1' title="bbox 1453 688 1493 750">
     <span class='ocr_line' id='line_1_1' title="bbox 1453 688 1493 750; baseline 0.05 -2"><span class='ocrx_word' id='word_1_1' title='bbox 1453 688 1493 750; x_wconf 80' lang='lat'>20</span> 
     </span>
    </p>
   </div>
   <div class='ocr_carea' id='block_1_2' title="bbox 588 861 2327 4078">
    <p class='ocr_par' dir='ltr' id='par_1_2' title="bbox 588 861 2327 4078">
     <span class='ocr_line' id='line_1_2' title="bbox 638 861 2324 953; baseline -0.001 -23"><span class='ocrx_word' id='word_1_2' title='bbox 638 875 720 946; x_wconf 90' lang='lat' dir='ltr'>tem,</span> <span class='ocrx_word' id='word_1_3' title='bbox 750 866 935 953; x_wconf 84' lang='lat' dir='ltr'>Cyreneum</span> <span class='ocrx_word' id='word_1_4' title='bbox 959 863 1123 929; x_wconf 86' lang='lat' dir='ltr'>Simonem</span> <span class='ocrx_word' id='word_1_5' title='bbox 1152 863 1399 945; x_wconf 81' lang='lat' dir='ltr'><strong>succedentem,</strong></span> <span class='ocrx_word' id='word_1_6' title='bbox 1431 863 1464 926; x_wconf 92' lang='lat' dir='ltr'>in</span> <span class='ocrx_word' id='word_1_7' title='bbox 1487 862 1643 930; x_wconf 81' lang='lat' dir='ltr'>Calcaria</span> <span class='ocrx_word' id='word_1_8' title='bbox 1676 885 1736 950; x_wconf 92' lang='lat' dir='ltr'>pro</span> <span class='ocrx_word' id='word_1_9' title='bbox 1759 861 1854 928; x_wconf 92' lang='lat' dir='ltr'>nobis</span> <span class='ocrx_word' id='word_1_10' title='bbox 1877 864 2033 948; x_wconf 89' lang='lat' dir='ltr'>mysteria</span> <span class='ocrx_word' id='word_1_11' title='bbox 2056 864 2217 950; x_wconf 82' lang='lat' dir='ltr'>passionis</span> <span class='ocrx_word' id='word_1_12' title='bbox 2240 864 2324 929; x_wconf 89' lang='lat' dir='ltr'>cele·</span> 
     </span>
     <span class='ocr_line' id='line_1_3' title="bbox 640 976 2323 1065; baseline -0.001 -18"><span class='ocrx_word' id='word_1_13' title='bbox 640 981 796 1047; x_wconf 90' lang='lat' dir='ltr'>brantem.</span> <span class='ocrx_word' id='word_1_14' title='bbox 831 982 957 1047; x_wconf 89' lang='lat' dir='ltr'>Horum</span> <span class='ocrx_word' id='word_1_15' title='bbox 981 982 1123 1045; x_wconf 88' lang='lat' dir='ltr'>omnium</span> <span class='ocrx_word' id='word_1_16' title='bbox 1147 978 1291 1045; x_wconf 89' lang='lat' dir='ltr'>locorum</span> <span class='ocrx_word' id='word_1_17' title='bbox 1314 987 1347 1043; x_wconf 88' lang='lat' dir='ltr'>et</span> <span class='ocrx_word' id='word_1_18' title='bbox 1369 977 1571 1064; x_wconf 89' lang='lat' dir='ltr'>singulorum</span> <span class='ocrx_word' id='word_1_19' title='bbox 1592 978 1699 1044; x_wconf 91' lang='lat' dir='ltr'>adhuc</span> <span class='ocrx_word' id='word_1_20' title='bbox 1713 980 1760 1043; x_wconf 91' lang='lat' dir='ltr'>ita</span> <span class='ocrx_word' id='word_1_21' title='bbox 1781 976 1877 1065; x_wconf 90' lang='lat' dir='ltr'>plena</span> <span class='ocrx_word' id='word_1_22' title='bbox 1898 988 1930 1042; x_wconf 90' lang='lat' dir='ltr'>et</span> <span class='ocrx_word' id='word_1_23' title='bbox 1950 980 2122 1044; x_wconf 86' lang='lat' dir='ltr'>manifesta</span> <span class='ocrx_word' id='word_1_24' title='bbox 2135 993 2244 1045; x_wconf 86' lang='lat' dir='ltr'>exstat</span> <span class='ocrx_word' id='word_1_25' title='bbox 2257 1004 2323 1045; x_wconf 92' lang='lat' dir='ltr'>me·</span> 
     </span>
     <span class='ocr_line' id='line_1_4' title="bbox 606 1092 2327 1183; baseline 0 -22"><span class='ocrx_word' id='word_1_26' title='bbox 606 1100 762 1179; x_wconf 70' lang='lat' dir='ltr'>ameria,</span> <span class='ocrx_word' id='word_1_27' title='bbox 792 1100 875 1162; x_wconf 86' lang='lat' dir='ltr'>sicut</span> <span class='ocrx_word' id='word_1_28' title='bbox 897 1098 930 1161; x_wconf 95' lang='lat' dir='ltr'>in</span> <span class='ocrx_word' id='word_1_29' title='bbox 950 1095 1005 1161; x_wconf 91' lang='lat' dir='ltr'>illo</span> <span class='ocrx_word' id='word_1_30' title='bbox 1026 1094 1079 1159; x_wconf 89' lang='lat' dir='ltr'>die</span> <span class='ocrx_word' id='word_1_31' title='bbox 1100 1097 1241 1178; x_wconf 86' lang='lat' dir='ltr'>exstitit,</span> <span class='ocrx_word' id='word_1_32' title='bbox 1263 1094 1393 1183; x_wconf 91' lang='lat' dir='ltr'>quando</span> <span class='ocrx_word' id='word_1_33' title='bbox 1416 1092 1662 1180; x_wconf 75' lang='lat' dir='ltr'>presencialiter</span> <span class='ocrx_word' id='word_1_34' title='bbox 1684 1104 1776 1159; x_wconf 87' lang='lat' dir='ltr'>erant</span> <span class='ocrx_word' id='word_1_35' title='bbox 1796 1095 1892 1160; x_wconf 86' lang='lat' dir='ltr'>facta.</span> <span class='ocrx_word' id='word_1_36' title='bbox 1936 1093 2033 1161; x_wconf 85' lang='lat' dir='ltr'>Certe</span> <span class='ocrx_word' id='word_1_37' title='bbox 2053 1095 2086 1159; x_wconf 93' lang='lat' dir='ltr'>in</span> <span class='ocrx_word' id='word_1_38' title='bbox 2109 1096 2170 1160; x_wconf 90' lang='lat' dir='ltr'>hac</span> <span class='ocrx_word' id='word_1_39' title='bbox 2193 1098 2327 1162; x_wconf 88' lang='lat' dir='ltr'>ciuitate</span> 
     </span>
     <span class='ocr_line' id='line_1_5' title="bbox 640 1208 2325 1299; baseline 0 -22"><span class='ocrx_word' id='word_1_40' title='bbox 640 1224 686 1278; x_wconf 92' lang='lat' dir='ltr'>tot</span> <span class='ocrx_word' id='word_1_41' title='bbox 714 1224 788 1278; x_wconf 89' lang='lat' dir='ltr'>sunt</span> <span class='ocrx_word' id='word_1_42' title='bbox 817 1213 979 1279; x_wconf 90' lang='lat' dir='ltr'>dominice</span> <span class='ocrx_word' id='word_1_43' title='bbox 1001 1212 1164 1299; x_wconf 86' lang='lat' dir='ltr'>passionis</span> <span class='ocrx_word' id='word_1_44' title='bbox 1196 1216 1279 1277; x_wconf 92' lang='lat' dir='ltr'>actis</span> <span class='ocrx_word' id='word_1_45' title='bbox 1308 1221 1341 1276; x_wconf 91' lang='lat' dir='ltr'>et</span> <span class='ocrx_word' id='word_1_46' title='bbox 1363 1212 1517 1286; x_wconf 82' lang='lat' dir='ltr'>sanctis⁸)</span> <span class='ocrx_word' id='word_1_47' title='bbox 1533 1213 1556 1287; x_wconf 84' lang='lat'>⁵)</span> <span class='ocrx_word' id='word_1_48' title='bbox 1586 1210 1659 1276; x_wconf 93' lang='lat' dir='ltr'>loca</span> <span class='ocrx_word' id='word_1_49' title='bbox 1680 1212 1839 1296; x_wconf 87' lang='lat' dir='ltr'>insignia,</span> <span class='ocrx_word' id='word_1_50' title='bbox 1868 1209 1955 1297; x_wconf 92' lang='lat' dir='ltr'>quod</span> <span class='ocrx_word' id='word_1_51' title='bbox 1976 1208 2064 1275; x_wconf 91' lang='lat' dir='ltr'>nullo</span> <span class='ocrx_word' id='word_1_52' title='bbox 2086 1211 2182 1277; x_wconf 91' lang='lat' dir='ltr'>modo</span> <span class='ocrx_word' id='word_1_53' title='bbox 2204 1213 2325 1278; x_wconf 82' lang='lat' dir='ltr'>sufficit</span> 
     </span>
     <span class='ocr_line' id='line_1_6' title="bbox 605 1324 2326 1416; baseline -0.001 -21"><span class='ocrx_word' id='word_1_54' title='bbox 605 1328 711 1395; x_wconf 81' lang='lat' dir='ltr'>adies</span> <span class='ocrx_word' id='word_1_55' title='bbox 736 1328 778 1392; x_wconf 92' lang='lat' dir='ltr'>ad</span> <span class='ocrx_word' id='word_1_56' title='bbox 801 1328 929 1416; x_wconf 88' lang='lat' dir='ltr'>singula</span> <span class='ocrx_word' id='word_1_57' title='bbox 952 1328 1072 1392; x_wconf 84' lang='lat' dir='ltr'>utiliter</span> <span class='ocrx_word' id='word_1_58' title='bbox 1094 1325 1331 1412; x_wconf 89' lang='lat' dir='ltr'>perlustranda.</span> <span class='ocrx_word' id='word_1_59' title='bbox 1375 1326 1458 1392; x_wconf 86' lang='lat' dir='ltr'>Sunt</span> <span class='ocrx_word' id='word_1_60' title='bbox 1479 1335 1630 1412; x_wconf 89' lang='lat' dir='ltr'>preterea</span> <span class='ocrx_word' id='word_1_61' title='bbox 1651 1325 1808 1413; x_wconf 90' lang='lat' dir='ltr'>quedam,</span> <span class='ocrx_word' id='word_1_62' title='bbox 1837 1348 1898 1410; x_wconf 93' lang='lat' dir='ltr'>que</span> <span class='ocrx_word' id='word_1_63' title='bbox 1924 1328 1958 1391; x_wconf 91' lang='lat' dir='ltr'>in</span> <span class='ocrx_word' id='word_1_64' title='bbox 1984 1324 2064 1391; x_wconf 90' lang='lat' dir='ltr'>locis</span> <span class='ocrx_word' id='word_1_65' title='bbox 2096 1326 2160 1392; x_wconf 90' lang='lat' dir='ltr'>illis</span> <span class='ocrx_word' id='word_1_66' title='bbox 2180 1327 2326 1393; x_wconf 90' lang='lat' dir='ltr'>deuotio-</span> 
     </span>
     <span class='ocr_line' id='line_1_7' title="bbox 606 1440 2324 1531; baseline 0.002 -26"><span class='ocrx_word' id='word_1_67' title='bbox 606 1455 711 1509; x_wconf 78' lang='lat' dir='ltr'>9nem</span> <span class='ocrx_word' id='word_1_68' title='bbox 735 1455 878 1530; x_wconf 81' lang='lat' dir='ltr'>augeant</span> <span class='ocrx_word' id='word_1_69' title='bbox 897 1443 1095 1531; x_wconf 89' lang='lat' dir='ltr'>ampliorem.</span> <span class='ocrx_word' id='word_1_70' title='bbox 1141 1441 1223 1523; x_wconf 79' lang='lat' dir='ltr'>Quis</span> <span class='ocrx_word' id='word_1_71' title='bbox 1243 1444 1329 1507; x_wconf 91' lang='lat' dir='ltr'>enim</span> <span class='ocrx_word' id='word_1_72' title='bbox 1353 1463 1508 1507; x_wconf 89' lang='lat' dir='ltr'>enarrare</span> <span class='ocrx_word' id='word_1_73' title='bbox 1530 1440 1688 1522; x_wconf 85' lang='lat' dir='ltr'>sufficiat,</span> <span class='ocrx_word' id='word_1_74' title='bbox 1717 1452 1795 1529; x_wconf 89' lang='lat' dir='ltr'>quot</span> <span class='ocrx_word' id='word_1_75' title='bbox 1817 1441 1981 1523; x_wconf 87' lang='lat' dir='ltr'>monaehi,</span> <span class='ocrx_word' id='word_1_76' title='bbox 2003 1455 2081 1527; x_wconf 91' lang='lat' dir='ltr'>quot</span> <span class='ocrx_word' id='word_1_77' title='bbox 2101 1443 2258 1508; x_wconf 88' lang='lat' dir='ltr'>moniales</span> <span class='ocrx_word' id='word_1_78' title='bbox 2281 1443 2324 1509; x_wconf 93' lang='lat' dir='ltr'>de</span> 
     </span>
     <span class='ocr_line' id='line_1_8' title="bbox 638 1555 2327 1646; baseline -0.001 -20"><span class='ocrx_word' id='word_1_79' title='bbox 638 1561 796 1646; x_wconf 84' lang='lat' dir='ltr'>Georgia,</span> <span class='ocrx_word' id='word_1_80' title='bbox 816 1560 973 1625; x_wconf 89' lang='lat' dir='ltr'>Armenia</span> <span class='ocrx_word' id='word_1_81' title='bbox 995 1560 1119 1623; x_wconf 89' lang='lat' dir='ltr'>maiore</span> <span class='ocrx_word' id='word_1_82' title='bbox 1141 1571 1172 1622; x_wconf 91' lang='lat' dir='ltr'>et</span> <span class='ocrx_word' id='word_1_83' title='bbox 1191 1559 1327 1639; x_wconf 90' lang='lat' dir='ltr'>minore,</span> <span class='ocrx_word' id='word_1_84' title='bbox 1346 1556 1503 1638; x_wconf 84' lang='lat' dir='ltr'>Chaldea,</span> <span class='ocrx_word' id='word_1_85' title='bbox 1524 1556 1632 1642; x_wconf 85' lang='lat' dir='ltr'>Syria,</span> <span class='ocrx_word' id='word_1_86' title='bbox 1654 1555 1775 1639; x_wconf 90' lang='lat' dir='ltr'>Media,</span> <span class='ocrx_word' id='word_1_87' title='bbox 1798 1557 1923 1639; x_wconf 91' lang='lat' dir='ltr'>Persia,</span> <span class='ocrx_word' id='word_1_88' title='bbox 1944 1557 2049 1640; x_wconf 86' lang='lat' dir='ltr'>India,</span> <span class='ocrx_word' id='word_1_89' title='bbox 2071 1558 2236 1646; x_wconf 86' lang='lat' dir='ltr'>Ethiopia,</span> <span class='ocrx_word' id='word_1_90' title='bbox 2258 1560 2327 1624; x_wconf 89' lang='lat' dir='ltr'>Nu·</span> 
     </span>
     <span class='ocr_line' id='line_1_9' title="bbox 639 1671 2325 1760; baseline 0 -19"><span class='ocrx_word' id='word_1_91' title='bbox 639 1677 705 1760; x_wconf 90' lang='lat' dir='ltr'>bia,</span> <span class='ocrx_word' id='word_1_92' title='bbox 729 1676 950 1752; x_wconf 69' lang='lat' dir='ltr'>Nabateniat)</span> <span class='ocrx_word' id='word_1_93' title='bbox 963 1677 997 1757; x_wconf 77' lang='lat'>⁸),</span> <span class='ocrx_word' id='word_1_94' title='bbox 1017 1673 1188 1756; x_wconf 86' lang='lat' dir='ltr'>Maronite,</span> <span class='ocrx_word' id='word_1_95' title='bbox 1210 1673 1366 1756; x_wconf 91' lang='lat' dir='ltr'>Iacobite,</span> <span class='ocrx_word' id='word_1_96' title='bbox 1388 1673 1586 1754; x_wconf 87' lang='lat' dir='ltr'>Nestoriaui,</span> <span class='ocrx_word' id='word_1_97' title='bbox 1610 1671 1719 1755; x_wconf 84' lang='lat' dir='ltr'>Greci,</span> <span class='ocrx_word' id='word_1_98' title='bbox 1743 1673 1821 1760; x_wconf 82' lang='lat' dir='ltr'>Syri</span> <span class='ocrx_word' id='word_1_99' title='bbox 1843 1687 1874 1738; x_wconf 88' lang='lat' dir='ltr'>et</span> <span class='ocrx_word' id='word_1_100' title='bbox 1888 1672 2026 1738; x_wconf 91' lang='lat' dir='ltr'>aliarum</span> <span class='ocrx_word' id='word_1_101' title='bbox 2041 1677 2216 1758; x_wconf 91' lang='lat' dir='ltr'>nationum,</span> <span class='ocrx_word' id='word_1_102' title='bbox 2238 1698 2325 1741; x_wconf 91' lang='lat' dir='ltr'>nunc</span> 
     </span>
     <span class='ocr_line' id='line_1_10' title="bbox 638 1787 2322 1876; baseline -0.001 -19"><span class='ocrx_word' id='word_1_103' title='bbox 638 1795 804 1857; x_wconf 88' lang='lat' dir='ltr'>turmatim</span> <span class='ocrx_word' id='word_1_104' title='bbox 827 1793 972 1873; x_wconf 90' lang='lat' dir='ltr'>centeni,</span> <span class='ocrx_word' id='word_1_105' title='bbox 994 1790 1184 1871; x_wconf 92' lang='lat' dir='ltr'>ducenteni,</span> <span class='ocrx_word' id='word_1_106' title='bbox 1214 1788 1286 1874; x_wconf 91' lang='lat' dir='ltr'>plus</span> <span class='ocrx_word' id='word_1_107' title='bbox 1309 1799 1342 1853; x_wconf 90' lang='lat' dir='ltr'>et</span> <span class='ocrx_word' id='word_1_108' title='bbox 1364 1791 1487 1870; x_wconf 90' lang='lat' dir='ltr'>minus,</span> <span class='ocrx_word' id='word_1_109' title='bbox 1510 1787 1729 1852; x_wconf 84' lang='lat' dir='ltr'>discurrentes</span> <span class='ocrx_word' id='word_1_110' title='bbox 1750 1811 1808 1875; x_wconf 88' lang='lat' dir='ltr'>per</span> <span class='ocrx_word' id='word_1_111' title='bbox 1829 1787 1901 1853; x_wconf 93' lang='lat' dir='ltr'>loca</span> <span class='ocrx_word' id='word_1_112' title='bbox 1924 1789 2053 1876; x_wconf 88' lang='lat' dir='ltr'>singula</span> <span class='ocrx_word' id='word_1_113' title='bbox 2072 1791 2106 1854; x_wconf 91' lang='lat' dir='ltr'>in</span> <span class='ocrx_word' id='word_1_114' title='bbox 2129 1792 2245 1876; x_wconf 89' lang='lat' dir='ltr'>spiritu</span> <span class='ocrx_word' id='word_1_115' title='bbox 2268 1813 2322 1856; x_wconf 90' lang='lat' dir='ltr'>ve·</span> 
     </span>
     <span class='ocr_line' id='line_1_11' title="bbox 639 1902 2326 1990; baseline -0.002 -15"><span class='ocrx_word' id='word_1_116' title='bbox 639 1910 781 1975; x_wconf 88' lang='lat' dir='ltr'>hementi</span> <span class='ocrx_word' id='word_1_117' title='bbox 805 1907 991 1974; x_wconf 82' lang='lat' dir='ltr'>osculantur</span> <span class='ocrx_word' id='word_1_118' title='bbox 1012 1919 1143 1986; x_wconf 89' lang='lat' dir='ltr'>terram,</span> <span class='ocrx_word' id='word_1_119' title='bbox 1165 1916 1362 1969; x_wconf 87' lang='lat' dir='ltr'>uenerantur</span> <span class='ocrx_word' id='word_1_120' title='bbox 1384 1903 1466 1986; x_wconf 90' lang='lat' dir='ltr'>loca,</span> <span class='ocrx_word' id='word_1_121' title='bbox 1488 1902 1661 1990; x_wconf 91' lang='lat' dir='ltr'>inquibus</span> <span class='ocrx_word' id='word_1_122' title='bbox 1683 1903 1808 1969; x_wconf 91' lang='lat' dir='ltr'>dulcem</span> <span class='ocrx_word' id='word_1_123' title='bbox 1827 1903 1956 1969; x_wconf 89' lang='lat' dir='ltr'>lhesum</span> <span class='ocrx_word' id='word_1_124' title='bbox 1973 1905 2106 1985; x_wconf 88' lang='lat' dir='ltr'>sedisse,</span> <span class='ocrx_word' id='word_1_125' title='bbox 2129 1907 2256 1971; x_wconf 88' lang='lat' dir='ltr'>stetisse</span> <span class='ocrx_word' id='word_1_126' title='bbox 2272 1906 2326 1971; x_wconf 89' lang='lat' dir='ltr'>uel</span> 
     </span>
     <span class='ocr_line' id='line_1_12' title="bbox 589 2019 2325 2111; baseline 0.001 -25"><span class='ocrx_word' id='word_1_127' title='bbox 589 2026 754 2090; x_wconf 75' lang='lat' dir='ltr'>reiecisse</span> <span class='ocrx_word' id='word_1_128' title='bbox 777 2025 946 2111; x_wconf 89' lang='lat' dir='ltr'>quippiam</span> <span class='ocrx_word' id='word_1_129' title='bbox 968 2022 1077 2108; x_wconf 90' lang='lat' dir='ltr'>operis</span> <span class='ocrx_word' id='word_1_130' title='bbox 1101 2020 1300 2086; x_wconf 84' lang='lat' dir='ltr'>audierunt?</span> <span class='ocrx_word' id='word_1_131' title='bbox 1330 2021 1424 2085; x_wconf 88' lang='lat' dir='ltr'>Nunc</span> <span class='ocrx_word' id='word_1_132' title='bbox 1446 2019 1617 2084; x_wconf 89' lang='lat' dir='ltr'>tundentes</span> <span class='ocrx_word' id='word_1_133' title='bbox 1627 2027 1651 2098; x_wconf 74' lang='lat'>⁰)</span> <span class='ocrx_word' id='word_1_134' title='bbox 1675 2033 1804 2106; x_wconf 90' lang='lat' dir='ltr'>pectus,</span> <span class='ocrx_word' id='word_1_135' title='bbox 1831 2042 1916 2085; x_wconf 91' lang='lat' dir='ltr'>nunc</span> <span class='ocrx_word' id='word_1_136' title='bbox 1936 2020 2039 2103; x_wconf 88' lang='lat' dir='ltr'>fletus,</span> <span class='ocrx_word' id='word_1_137' title='bbox 2067 2044 2152 2086; x_wconf 92' lang='lat' dir='ltr'>nunc</span> <span class='ocrx_word' id='word_1_138' title='bbox 2173 2025 2325 2105; x_wconf 83' lang='lat' dir='ltr'>gemitus,</span> 
     </span>
     <span class='ocr_line' id='line_1_13' title="bbox 637 2134 2325 2227; baseline -0.001 -22"><span class='ocrx_word' id='word_1_139' title='bbox 637 2163 724 2205; x_wconf 89' lang='lat' dir='ltr'>nunc</span> <span class='ocrx_word' id='word_1_140' title='bbox 754 2142 896 2227; x_wconf 88' lang='lat' dir='ltr'>suspiria</span> <span class='ocrx_word' id='word_1_141' title='bbox 925 2139 1106 2203; x_wconf 86' lang='lat' dir='ltr'>emittentes</span> <span class='ocrx_word' id='word_1_142' title='bbox 1135 2148 1230 2223; x_wconf 90' lang='lat' dir='ltr'>gestu</span> <span class='ocrx_word' id='word_1_143' title='bbox 1257 2139 1406 2223; x_wconf 87' lang='lat' dir='ltr'>corporis</span> <span class='ocrx_word' id='word_1_144' title='bbox 1438 2147 1470 2200; x_wconf 89' lang='lat' dir='ltr'>et</span> <span class='ocrx_word' id='word_1_145' title='bbox 1501 2134 1703 2218; x_wconf 90' lang='lat' dir='ltr'>deuotionis,</span> <span class='ocrx_word' id='word_1_146' title='bbox 1733 2158 1830 2223; x_wconf 91' lang='lat' dir='ltr'>quam</span> <span class='ocrx_word' id='word_1_147' title='bbox 1850 2137 1931 2201; x_wconf 87' lang='lat' dir='ltr'>foris</span> <span class='ocrx_word' id='word_1_148' title='bbox 1951 2137 2126 2202; x_wconf 87' lang='lat' dir='ltr'>ostendunt</span> <span class='ocrx_word' id='word_1_149' title='bbox 2147 2150 2178 2203; x_wconf 90' lang='lat' dir='ltr'>et</span> <span class='ocrx_word' id='word_1_150' title='bbox 2199 2138 2325 2224; x_wconf 89' lang='lat' dir='ltr'>absque</span> 
     </span>
     <span class='ocr_line' id='line_1_14' title="bbox 589 2250 2325 2340; baseline -0.001 -18"><span class='ocrx_word' id='word_1_151' title='bbox 589 2272 616 2322; x_wconf 86' lang='lat'>11</span> <span class='ocrx_word' id='word_1_152' title='bbox 638 2256 737 2321; x_wconf 92' lang='lat' dir='ltr'>dubio</span> <span class='ocrx_word' id='word_1_153' title='bbox 765 2258 852 2320; x_wconf 91' lang='lat' dir='ltr'>intus</span> <span class='ocrx_word' id='word_1_154' title='bbox 877 2254 1013 2336; x_wconf 90' lang='lat' dir='ltr'>habent,</span> <span class='ocrx_word' id='word_1_155' title='bbox 1046 2254 1079 2317; x_wconf 91' lang='lat' dir='ltr'>in</span> <span class='ocrx_word' id='word_1_156' title='bbox 1112 2252 1264 2317; x_wconf 87' lang='lat' dir='ltr'>lacrimas</span> <span class='ocrx_word' id='word_1_157' title='bbox 1287 2265 1468 2340; x_wconf 88' lang='lat' dir='ltr'>prouocant</span> <span class='ocrx_word' id='word_1_158' title='bbox 1490 2250 1666 2337; x_wconf 88' lang='lat' dir='ltr'>plerosque</span> <span class='ocrx_word' id='word_1_159' title='bbox 1687 2253 1790 2316; x_wconf 89' lang='lat' dir='ltr'>eciam</span> <span class='ocrx_word' id='word_1_160' title='bbox 1812 2254 2022 2317; x_wconf 76' lang='lat' dir='ltr'>Sarracenos.</span> <span class='ocrx_word' id='word_1_161' title='bbox 2061 2253 2153 2339; x_wconf 86' lang='lat' dir='ltr'>Eya,</span> <span class='ocrx_word' id='word_1_162' title='bbox 2180 2254 2325 2320; x_wconf 90' lang='lat' dir='ltr'>Domine</span> 
     </span>
     <span class='ocr_line' id='line_1_15' title="bbox 638 2366 2324 2457; baseline -0.001 -20"><span class='ocrx_word' id='word_1_163' title='bbox 638 2372 740 2454; x_wconf 90' lang='lat' dir='ltr'>Deus,</span> <span class='ocrx_word' id='word_1_164' title='bbox 760 2371 856 2438; x_wconf 93' lang='lat' dir='ltr'>uideo</span> <span class='ocrx_word' id='word_1_165' title='bbox 880 2370 1056 2436; x_wconf 90' lang='lat' dir='ltr'>secundum</span> <span class='ocrx_word' id='word_1_166' title='bbox 1078 2379 1205 2434; x_wconf 92' lang='lat' dir='ltr'>ueteres</span> <span class='ocrx_word' id='word_1_167' title='bbox 1228 2368 1383 2434; x_wconf 90' lang='lat' dir='ltr'>historias</span> <span class='ocrx_word' id='word_1_168' title='bbox 1403 2366 1571 2432; x_wconf 88' lang='lat' dir='ltr'>Abraham</span> <span class='ocrx_word' id='word_1_169' title='bbox 1594 2378 1732 2448; x_wconf 89' lang='lat' dir='ltr'>terram,</span> <span class='ocrx_word' id='word_1_170' title='bbox 1761 2366 1891 2432; x_wconf 92' lang='lat' dir='ltr'>domum</span> <span class='ocrx_word' id='word_1_171' title='bbox 1921 2370 2025 2455; x_wconf 87' lang='lat' dir='ltr'>patris</span> <span class='ocrx_word' id='word_1_172' title='bbox 2047 2380 2079 2434; x_wconf 90' lang='lat' dir='ltr'>et</span> <span class='ocrx_word' id='word_1_173' title='bbox 2097 2373 2324 2457; x_wconf 81' lang='lat' dir='ltr'>cognationem</span> 
     </span>
     <span class='ocr_line' id='line_1_16' title="bbox 638 2482 2324 2574; baseline -0.001 -21"><span class='ocrx_word' id='word_1_174' title='bbox 638 2487 931 2574; x_wconf 89' lang='lat' dir='ltr'>derelinquentem,</span> <span class='ocrx_word' id='word_1_175' title='bbox 957 2487 1000 2552; x_wconf 92' lang='lat' dir='ltr'>ad</span> <span class='ocrx_word' id='word_1_176' title='bbox 1021 2497 1141 2550; x_wconf 87' lang='lat' dir='ltr'>terram</span> <span class='ocrx_word' id='word_1_177' title='bbox 1165 2484 1251 2549; x_wconf 89' lang='lat' dir='ltr'>hane</span> <span class='ocrx_word' id='word_1_178' title='bbox 1277 2486 1503 2566; x_wconf 85' lang='lat' dir='ltr'>festinantem,</span> <span class='ocrx_word' id='word_1_179' title='bbox 1526 2485 1610 2548; x_wconf 89' lang='lat' dir='ltr'>inter</span> <span class='ocrx_word' id='word_1_180' title='bbox 1630 2482 1745 2548; x_wconf 90' lang='lat' dir='ltr'>Bethel</span> <span class='ocrx_word' id='word_1_181' title='bbox 1767 2493 1798 2547; x_wconf 91' lang='lat' dir='ltr'>et</span> <span class='ocrx_word' id='word_1_182' title='bbox 1821 2483 1932 2569; x_wconf 60' lang='lat' dir='ltr'>Hayl)</span> <span class='ocrx_word' id='word_1_183' title='bbox 1954 2484 2199 2551; x_wconf 87' lang='lat' dir='ltr'>tabernaculum</span> <span class='ocrx_word' id='word_1_184' title='bbox 2223 2486 2324 2572; x_wconf 90' lang='lat' dir='ltr'>figen-</span> 
     </span>
     <span class='ocr_line' id='line_1_17' title="bbox 637 2598 2323 2686; baseline -0.001 -17"><span class='ocrx_word' id='word_1_185' title='bbox 637 2618 720 2686; x_wconf 88' lang='lat' dir='ltr'>tem,</span> <span class='ocrx_word' id='word_1_186' title='bbox 760 2606 794 2668; x_wconf 91' lang='lat' dir='ltr'>in</span> <span class='ocrx_word' id='word_1_187' title='bbox 822 2604 975 2683; x_wconf 87' lang='lat' dir='ltr'>Geraris,</span> <span class='ocrx_word' id='word_1_188' title='bbox 1009 2600 1174 2665; x_wconf 86' lang='lat' dir='ltr'>Bersabee</span> <span class='ocrx_word' id='word_1_189' title='bbox 1212 2613 1244 2666; x_wconf 88' lang='lat' dir='ltr'>et</span> <span class='ocrx_word' id='word_1_190' title='bbox 1269 2599 1384 2665; x_wconf 87' lang='lat' dir='ltr'>Ebron</span> <span class='ocrx_word' id='word_1_191' title='bbox 1417 2610 1684 2680; x_wconf 88' lang='lat' dir='ltr'>commorantem,</span> <span class='ocrx_word' id='word_1_192' title='bbox 1718 2599 1811 2664; x_wconf 93' lang='lat' dir='ltr'>uideo</span> <span class='ocrx_word' id='word_1_193' title='bbox 1844 2598 2048 2665; x_wconf 82' lang='lat' dir='ltr'>Ezechielem</span> <span class='ocrx_word' id='word_1_194' title='bbox 2057 2604 2083 2678; x_wconf 85' lang='lat' dir='ltr'>d)</span> <span class='ocrx_word' id='word_1_195' title='bbox 2119 2601 2323 2667; x_wconf 87' lang='lat' dir='ltr'>deserentem</span> 
     </span>
     <span class='ocr_line' id='line_1_18' title="bbox 639 2714 2323 2805; baseline 0.001 -22"><span class='ocrx_word' id='word_1_196' title='bbox 639 2719 777 2785; x_wconf 89' lang='lat' dir='ltr'>flumina</span> <span class='ocrx_word' id='word_1_197' title='bbox 797 2718 980 2805; x_wconf 84' lang='lat' dir='ltr'>Babylonia</span> <span class='ocrx_word' id='word_1_198' title='bbox 1002 2729 1043 2800; x_wconf 88' lang='lat' dir='ltr'>et,</span> <span class='ocrx_word' id='word_1_199' title='bbox 1065 2725 1100 2781; x_wconf 90' lang='lat' dir='ltr'>ut</span> <span class='ocrx_word' id='word_1_200' title='bbox 1120 2718 1231 2782; x_wconf 89' lang='lat' dir='ltr'>ueniat</span> <span class='ocrx_word' id='word_1_201' title='bbox 1251 2720 1285 2781; x_wconf 94' lang='lat' dir='ltr'>in</span> <span class='ocrx_word' id='word_1_202' title='bbox 1305 2715 1492 2797; x_wconf 84' lang='lat' dir='ltr'>Ierusalem,</span> <span class='ocrx_word' id='word_1_203' title='bbox 1514 2717 1598 2779; x_wconf 89' lang='lat' dir='ltr'>inter</span> <span class='ocrx_word' id='word_1_204' title='bbox 1619 2714 1724 2779; x_wconf 92' lang='lat' dir='ltr'>celum</span> <span class='ocrx_word' id='word_1_205' title='bbox 1745 2724 1777 2780; x_wconf 87' lang='lat' dir='ltr'>et</span> <span class='ocrx_word' id='word_1_206' title='bbox 1798 2729 1917 2780; x_wconf 89' lang='lat' dir='ltr'>terram</span> <span class='ocrx_word' id='word_1_207' title='bbox 1941 2717 2059 2803; x_wconf 88' lang='lat' dir='ltr'>capillo</span> <span class='ocrx_word' id='word_1_208' title='bbox 2081 2720 2199 2805; x_wconf 90' lang='lat' dir='ltr'>eapitis</span> <span class='ocrx_word' id='word_1_209' title='bbox 2214 2729 2323 2805; x_wconf 87' lang='lat' dir='ltr'>porta·</span> 
     </span>
     <span class='ocr_line' id='line_1_19' title="bbox 589 2831 2323 2923; baseline -0.001 -20"><span class='ocrx_word' id='word_1_210' title='bbox 589 2854 619 2905; x_wconf 85' lang='lat'>12</span> <span class='ocrx_word' id='word_1_211' title='bbox 638 2846 706 2899; x_wconf 90' lang='lat' dir='ltr'>tum</span> <span class='ocrx_word' id='word_1_212' title='bbox 729 2835 805 2900; x_wconf 91' lang='lat' dir='ltr'>illuc</span> <span class='ocrx_word' id='word_1_213' title='bbox 824 2834 1096 2900; x_wconf 88' lang='lat' dir='ltr'>transuolanteml</span> <span class='ocrx_word' id='word_1_214' title='bbox 1121 2833 1209 2915; x_wconf 77' lang='lat' dir='ltr'>Quid</span> <span class='ocrx_word' id='word_1_215' title='bbox 1232 2833 1341 2898; x_wconf 88' lang='lat' dir='ltr'>dicam</span> <span class='ocrx_word' id='word_1_216' title='bbox 1363 2831 1404 2896; x_wconf 92' lang='lat' dir='ltr'>de</span> <span class='ocrx_word' id='word_1_217' title='bbox 1426 2832 1552 2917; x_wconf 90' lang='lat' dir='ltr'>uirgine</span> <span class='ocrx_word' id='word_1_218' title='bbox 1573 2831 1733 2918; x_wconf 89' lang='lat' dir='ltr'>gloriosa,</span> <span class='ocrx_word' id='word_1_219' title='bbox 1763 2853 1841 2916; x_wconf 89' lang='lat' dir='ltr'>que,</span> <span class='ocrx_word' id='word_1_220' title='bbox 1872 2844 2042 2919; x_wconf 88' lang='lat' dir='ltr'>postquam</span> <span class='ocrx_word' id='word_1_221' title='bbox 2065 2834 2108 2899; x_wconf 90' lang='lat' dir='ltr'>ad</span> <span class='ocrx_word' id='word_1_222' title='bbox 2130 2857 2202 2900; x_wconf 89' lang='lat' dir='ltr'>eam</span> <span class='ocrx_word' id='word_1_223' title='bbox 2224 2859 2323 2923; x_wconf 83' lang='lat' dir='ltr'>ange·</span> 
     </span>
     <span class='ocr_line' id='line_1_20' title="bbox 636 2946 2320 3037; baseline 0.001 -21"><span class='ocrx_word' id='word_1_224' title='bbox 636 2951 701 3017; x_wconf 88' lang='lat' dir='ltr'>lica</span> <span class='ocrx_word' id='word_1_225' title='bbox 722 2950 873 3016; x_wconf 87' lang='lat' dir='ltr'>salutatio</span> <span class='ocrx_word' id='word_1_226' title='bbox 895 2952 982 3015; x_wconf 84' lang='lat' dir='ltr'>facta</span> <span class='ocrx_word' id='word_1_227' title='bbox 1004 2960 1054 3014; x_wconf 90' lang='lat' dir='ltr'>est</span> <span class='ocrx_word' id='word_1_228' title='bbox 1075 2960 1108 3015; x_wconf 90' lang='lat' dir='ltr'>et</span> <span class='ocrx_word' id='word_1_229' title='bbox 1129 2951 1320 3037; x_wconf 90' lang='lat' dir='ltr'>promissio,</span> <span class='ocrx_word' id='word_1_230' title='bbox 1351 2946 1427 3012; x_wconf 89' lang='lat' dir='ltr'>licet</span> <span class='ocrx_word' id='word_1_231' title='bbox 1454 2949 1552 3011; x_wconf 88' lang='lat' dir='ltr'>sciret</span> <span class='ocrx_word' id='word_1_232' title='bbox 1572 2959 1699 3011; x_wconf 88' lang='lat' dir='ltr'>uterum</span> <span class='ocrx_word' id='word_1_233' title='bbox 1720 2970 1812 3012; x_wconf 91' lang='lat' dir='ltr'>suum</span> <span class='ocrx_word' id='word_1_234' title='bbox 1834 2947 2081 3014; x_wconf 86' lang='lat' dir='ltr'>tabernaculum</span> <span class='ocrx_word' id='word_1_235' title='bbox 2102 2951 2168 3016; x_wconf 91' lang='lat' dir='ltr'>Dei</span> <span class='ocrx_word' id='word_1_236' title='bbox 2189 2953 2320 3034; x_wconf 89' lang='lat' dir='ltr'>sactum,</span> 
     </span>
     <span class='ocr_line' id='line_1_21' title="bbox 637 3062 2323 3152; baseline 0.002 -21"><span class='ocrx_word' id='word_1_237' title='bbox 637 3089 703 3131; x_wconf 92' lang='lat' dir='ltr'>non</span> <span class='ocrx_word' id='word_1_238' title='bbox 724 3078 774 3131; x_wconf 90' lang='lat' dir='ltr'>est</span> <span class='ocrx_word' id='word_1_239' title='bbox 792 3078 943 3131; x_wconf 88' lang='lat' dir='ltr'>contenta</span> <span class='ocrx_word' id='word_1_240' title='bbox 966 3068 1123 3152; x_wconf 82' lang='lat' dir='ltr'>speciosis</span> <span class='ocrx_word' id='word_1_241' title='bbox 1145 3078 1177 3131; x_wconf 89' lang='lat' dir='ltr'>et</span> <span class='ocrx_word' id='word_1_242' title='bbox 1200 3066 1358 3152; x_wconf 91' lang='lat' dir='ltr'>speciosis</span> <span class='ocrx_word' id='word_1_243' title='bbox 1380 3062 1617 3150; x_wconf 83' lang='lat' dir='ltr'>campestribus</span> <span class='ocrx_word' id='word_1_244' title='bbox 1640 3062 1781 3146; x_wconf 88' lang='lat' dir='ltr'>Galilee,</span> <span class='ocrx_word' id='word_1_245' title='bbox 1813 3063 1870 3128; x_wconf 91' lang='lat' dir='ltr'>sed</span> <span class='ocrx_word' id='word_1_246' title='bbox 1892 3066 2002 3128; x_wconf 91' lang='lat' dir='ltr'>statim</span> <span class='ocrx_word' id='word_1_247' title='bbox 2022 3088 2096 3130; x_wconf 91' lang='lat' dir='ltr'>cum</span> <span class='ocrx_word' id='word_1_248' title='bbox 2116 3069 2323 3135; x_wconf 79' lang='lat' dir='ltr'>testinatione</span> 
     </span>
     <span class='ocr_line' id='line_1_22' title="bbox 589 3178 2322 3269; baseline 0.003 -24"><span class='ocrx_word' id='word_1_249' title='bbox 589 3206 619 3257; x_wconf 81' lang='lat'>13</span> <span class='ocrx_word' id='word_1_250' title='bbox 638 3193 793 3247; x_wconf 89' lang='lat' dir='ltr'>montana</span> <span class='ocrx_word' id='word_1_251' title='bbox 817 3182 916 3248; x_wconf 83' lang='lat' dir='ltr'>ludes</span> <span class='ocrx_word' id='word_1_252' title='bbox 947 3183 1152 3263; x_wconf 88' lang='lat' dir='ltr'>conscendit,</span> <span class='ocrx_word' id='word_1_253' title='bbox 1185 3181 1297 3246; x_wconf 90' lang='lat' dir='ltr'>uolens</span> <span class='ocrx_word' id='word_1_254' title='bbox 1328 3179 1409 3245; x_wconf 93' lang='lat' dir='ltr'>locis</span> <span class='ocrx_word' id='word_1_255' title='bbox 1433 3178 1650 3244; x_wconf 86' lang='lat' dir='ltr'>sanctioribus</span> <span class='ocrx_word' id='word_1_256' title='bbox 1670 3179 1917 3267; x_wconf 84' lang='lat' dir='ltr'>propinquare?</span> <span class='ocrx_word' id='word_1_257' title='bbox 1950 3180 2038 3261; x_wconf 73' lang='lat' dir='ltr'>Quid</span> <span class='ocrx_word' id='word_1_258' title='bbox 2065 3182 2106 3246; x_wconf 90' lang='lat' dir='ltr'>de</span> <span class='ocrx_word' id='word_1_259' title='bbox 2132 3186 2322 3269; x_wconf 87' lang='lat' dir='ltr'>patriarcha</span> 
     </span>
     <span class='ocr_line' id='line_1_23' title="bbox 600 3296 2320 3385; baseline 0.002 -24"><span class='ocrx_word' id='word_1_260' title='bbox 600 3355 601 3359; x_wconf 73' lang='grc'>,</span> <span class='ocrx_word' id='word_1_261' title='bbox 637 3298 737 3363; x_wconf 89' lang='lat' dir='ltr'>Iacob</span> <span class='ocrx_word' id='word_1_262' title='bbox 760 3309 792 3363; x_wconf 89' lang='lat' dir='ltr'>et</span> <span class='ocrx_word' id='word_1_263' title='bbox 811 3299 929 3385; x_wconf 90' lang='lat' dir='ltr'>Ioseph</span> <span class='ocrx_word' id='word_1_264' title='bbox 950 3312 982 3363; x_wconf 91' lang='lat' dir='ltr'>et</span> <span class='ocrx_word' id='word_1_265' title='bbox 1000 3298 1157 3364; x_wconf 89' lang='lat' dir='ltr'>fratribus</span> <span class='ocrx_word' id='word_1_266' title='bbox 1180 3300 1250 3362; x_wconf 93' lang='lat' dir='ltr'>eius</span> <span class='ocrx_word' id='word_1_267' title='bbox 1272 3297 1399 3377; x_wconf 91' lang='lat' dir='ltr'>dicam,</span> <span class='ocrx_word' id='word_1_268' title='bbox 1432 3296 1487 3382; x_wconf 91' lang='lat' dir='ltr'>qui</span> <span class='ocrx_word' id='word_1_269' title='bbox 1516 3297 1593 3381; x_wconf 89' lang='lat' dir='ltr'>quia</span> <span class='ocrx_word' id='word_1_270' title='bbox 1622 3296 1688 3359; x_wconf 66' lang='lat' dir='ltr'>[riui</span> <span class='ocrx_word' id='word_1_271' title='bbox 1720 3299 1753 3359; x_wconf 90' lang='lat' dir='ltr'>in</span> <span class='ocrx_word' id='word_1_272' title='bbox 1779 3307 1867 3359; x_wconf 89' lang='lat' dir='ltr'>terra</span> <span class='ocrx_word' id='word_1_273' title='bbox 1894 3298 1957 3361; x_wconf 89' lang='lat' dir='ltr'>ista</span> <span class='ocrx_word' id='word_1_274' title='bbox 1980 3320 2138 3363; x_wconf 89' lang='lat' dir='ltr'>essenon</span> <span class='ocrx_word' id='word_1_275' title='bbox 2160 3312 2320 3385; x_wconf 87' lang='lat' dir='ltr'>poterant,</span> 
     </span>
     <span class='ocr_line' id='line_1_24' title="bbox 588 3407 2321 3526; baseline 0.002 -48"><span class='ocrx_word' id='word_1_276' title='bbox 588 3407 619 3526; x_wconf 44' lang='grc' dir='ltr'>ἐξ</span> <span class='ocrx_word' id='word_1_277' title='bbox 637 3413 805 3500; x_wconf 88' lang='lat' dir='ltr'>clegerunt</span> <span class='ocrx_word' id='word_1_278' title='bbox 825 3415 944 3479; x_wconf 89' lang='lat' dir='ltr'>mortui</span> <span class='ocrx_word' id='word_1_279' title='bbox 966 3415 1122 3501; x_wconf 84' lang='lat' dir='ltr'>sepeliri?</span> <span class='ocrx_word' id='word_1_280' title='bbox 1145 3414 1233 3494; x_wconf 71' lang='lat' dir='ltr'>Quid</span> <span class='ocrx_word' id='word_1_281' title='bbox 1256 3413 1377 3500; x_wconf 71' lang='lat' dir='ltr'>plural</span> <span class='ocrx_word' id='word_1_282' title='bbox 1398 3413 1616 3498; x_wconf 85' lang='lat' dir='ltr'>lngemiscere</span> <span class='ocrx_word' id='word_1_283' title='bbox 1640 3434 1810 3498; x_wconf 87' lang='lat' dir='ltr'>possumus</span> <span class='ocrx_word' id='word_1_284' title='bbox 1832 3414 1934 3476; x_wconf 89' lang='lat' dir='ltr'>nostri</span> <span class='ocrx_word' id='word_1_285' title='bbox 1955 3416 2111 3500; x_wconf 86' lang='lat' dir='ltr'>temporis</span> <span class='ocrx_word' id='word_1_286' title='bbox 2133 3416 2321 3482; x_wconf 90' lang='lat' dir='ltr'>tarditatem</span> 
     </span>
     <span class='ocr_line' id='line_1_25' title="bbox 639 3527 2321 3616; baseline 0.002 -21"><span class='ocrx_word' id='word_1_287' title='bbox 639 3530 752 3616; x_wconf 89' lang='lat' dir='ltr'>populi</span> <span class='ocrx_word' id='word_1_288' title='bbox 776 3530 962 3607; x_wconf 88' lang='lat' dir='ltr'>christiani,</span> <span class='ocrx_word' id='word_1_289' title='bbox 990 3535 1044 3615; x_wconf 90' lang='lat' dir='ltr'>qui</span> <span class='ocrx_word' id='word_1_290' title='bbox 1067 3541 1114 3596; x_wconf 88' lang='lat' dir='ltr'>tot</span> <span class='ocrx_word' id='word_1_291' title='bbox 1134 3543 1165 3594; x_wconf 88' lang='lat' dir='ltr'>et</span> <span class='ocrx_word' id='word_1_292' title='bbox 1185 3541 1277 3594; x_wconf 88' lang='lat' dir='ltr'>tanta</span> <span class='ocrx_word' id='word_1_293' title='bbox 1296 3542 1459 3594; x_wconf 88' lang='lat' dir='ltr'>tantorum</span> <span class='ocrx_word' id='word_1_294' title='bbox 1481 3528 1638 3593; x_wconf 87' lang='lat' dir='ltr'>habentes</span> <span class='ocrx_word' id='word_1_295' title='bbox 1661 3527 1811 3613; x_wconf 87' lang='lat' dir='ltr'>exempla</span> <span class='ocrx_word' id='word_1_296' title='bbox 1833 3527 1964 3592; x_wconf 91' lang='lat' dir='ltr'>tardant</span> <span class='ocrx_word' id='word_1_297' title='bbox 1984 3530 2025 3593; x_wconf 93' lang='lat' dir='ltr'>de</span> <span class='ocrx_word' id='word_1_298' title='bbox 2044 3532 2194 3597; x_wconf 89' lang='lat' dir='ltr'>manibus</span> <span class='ocrx_word' id='word_1_299' title='bbox 2216 3535 2321 3599; x_wconf 91' lang='lat' dir='ltr'>inimi·</span> 
     </span>
     <span class='ocr_line' id='line_1_26' title="bbox 637 3642 2320 3733; baseline 0.004 -24"><span class='ocrx_word' id='word_1_300' title='bbox 637 3667 749 3710; x_wconf 92' lang='lat' dir='ltr'>corum</span> <span class='ocrx_word' id='word_1_301' title='bbox 770 3669 883 3710; x_wconf 88' lang='lat' dir='ltr'>eruere</span> <span class='ocrx_word' id='word_1_302' title='bbox 905 3657 1036 3727; x_wconf 89' lang='lat' dir='ltr'>terram,</span> <span class='ocrx_word' id='word_1_303' title='bbox 1065 3668 1163 3732; x_wconf 89' lang='lat' dir='ltr'>quam</span> <span class='ocrx_word' id='word_1_304' title='bbox 1185 3646 1389 3710; x_wconf 86' lang='lat' dir='ltr'>consecrauit</span> <span class='ocrx_word' id='word_1_305' title='bbox 1411 3644 1476 3709; x_wconf 83' lang='lat' dir='ltr'>Suo</span> <span class='ocrx_word' id='word_1_306' title='bbox 1498 3644 1655 3728; x_wconf 86' lang='lat' dir='ltr'>sanguine</span> <span class='ocrx_word' id='word_1_307' title='bbox 1676 3642 1790 3708; x_wconf 90' lang='lat' dir='ltr'>lhesus</span> <span class='ocrx_word' id='word_1_308' title='bbox 1812 3642 1977 3727; x_wconf 86' lang='lat' dir='ltr'>Christus,</span> <span class='ocrx_word' id='word_1_309' title='bbox 2008 3657 2041 3710; x_wconf 91' lang='lat' dir='ltr'>et</span> <span class='ocrx_word' id='word_1_310' title='bbox 2067 3670 2161 3733; x_wconf 90' lang='lat' dir='ltr'>quam</span> <span class='ocrx_word' id='word_1_311' title='bbox 2185 3651 2320 3716; x_wconf 88' lang='lat' dir='ltr'>cottidie</span> 
     </span>
     <span class='ocr_line' id='line_1_27' title="bbox 589 3758 2323 3849; baseline 0.003 -22"><span class='ocrx_word' id='word_1_312' title='bbox 589 3777 619 3827; x_wconf 78' lang='lat' dir='ltr'>le</span> <span class='ocrx_word' id='word_1_313' title='bbox 637 3776 793 3826; x_wconf 88' lang='lat' dir='ltr'>resonant</span> <span class='ocrx_word' id='word_1_314' title='bbox 821 3761 956 3827; x_wconf 90' lang='lat' dir='ltr'>ecclesie</span> <span class='ocrx_word' id='word_1_315' title='bbox 987 3764 1148 3827; x_wconf 86' lang='lat' dir='ltr'>uniuersa.</span> <span class='ocrx_word' id='word_1_316' title='bbox 1189 3761 1261 3842; x_wconf 77' lang='lat' dir='ltr'>Que</span> <span class='ocrx_word' id='word_1_317' title='bbox 1292 3763 1377 3825; x_wconf 91' lang='lat' dir='ltr'>enim</span> <span class='ocrx_word' id='word_1_318' title='bbox 1398 3760 1480 3825; x_wconf 88' lang='lat' dir='ltr'>hora</span> <span class='ocrx_word' id='word_1_319' title='bbox 1503 3759 1567 3824; x_wconf 92' lang='lat' dir='ltr'>diei</span> <span class='ocrx_word' id='word_1_320' title='bbox 1589 3758 1640 3823; x_wconf 93' lang='lat' dir='ltr'>uel</span> <span class='ocrx_word' id='word_1_321' title='bbox 1661 3760 1766 3824; x_wconf 89' lang='lat' dir='ltr'>noctis</span> <span class='ocrx_word' id='word_1_322' title='bbox 1788 3781 1846 3844; x_wconf 91' lang='lat' dir='ltr'>per</span> <span class='ocrx_word' id='word_1_323' title='bbox 1867 3770 1969 3824; x_wconf 93' lang='lat' dir='ltr'>totum</span> <span class='ocrx_word' id='word_1_324' title='bbox 1991 3764 2068 3826; x_wconf 91' lang='lat' dir='ltr'>anni</span> <span class='ocrx_word' id='word_1_325' title='bbox 2088 3765 2260 3849; x_wconf 90' lang='lat' dir='ltr'>circulum,</span> <span class='ocrx_word' id='word_1_326' title='bbox 2287 3769 2323 3833; x_wconf 93' lang='lat' dir='ltr'>in</span> 
     </span>
     <span class='ocr_line' id='line_1_28' title="bbox 641 3874 2324 3966; baseline 0.005 -24"><span class='ocrx_word' id='word_1_327' title='bbox 641 3900 705 3966; x_wconf 91' lang='lat' dir='ltr'>qua</span> <span class='ocrx_word' id='word_1_328' title='bbox 730 3900 795 3942; x_wconf 92' lang='lat' dir='ltr'>non</span> <span class='ocrx_word' id='word_1_329' title='bbox 816 3877 940 3943; x_wconf 88' lang='lat' dir='ltr'>recolat</span> <span class='ocrx_word' id='word_1_330' title='bbox 960 3877 1139 3960; x_wconf 92' lang='lat' dir='ltr'>cantando,</span> <span class='ocrx_word' id='word_1_331' title='bbox 1167 3876 1323 3964; x_wconf 88' lang='lat' dir='ltr'>legendo,</span> <span class='ocrx_word' id='word_1_332' title='bbox 1350 3875 1533 3963; x_wconf 89' lang='lat' dir='ltr'>psallendo,</span> <span class='ocrx_word' id='word_1_333' title='bbox 1567 3874 1766 3962; x_wconf 92' lang='lat' dir='ltr'>predicando</span> <span class='ocrx_word' id='word_1_334' title='bbox 1794 3885 1827 3939; x_wconf 89' lang='lat' dir='ltr'>et</span> <span class='ocrx_word' id='word_1_335' title='bbox 1848 3875 2035 3943; x_wconf 90' lang='lat' dir='ltr'>meditando</span> <span class='ocrx_word' id='word_1_336' title='bbox 2057 3882 2161 3945; x_wconf 91' lang='lat' dir='ltr'>omnis</span> <span class='ocrx_word' id='word_1_337' title='bbox 2184 3882 2324 3950; x_wconf 91' lang='lat' dir='ltr'>deuotus</span> 
     </span>
     <span class='ocr_line' id='line_1_29' title="bbox 642 3990 2252 4078; baseline -0.001 -18"><span class='ocrx_word' id='word_1_338' title='bbox 642 3993 849 4060; x_wconf 86' lang='lat' dir='ltr'>Christianus</span> <span class='ocrx_word' id='word_1_339' title='bbox 870 4015 933 4078; x_wconf 92' lang='lat' dir='ltr'>que</span> <span class='ocrx_word' id='word_1_340' title='bbox 953 3995 1040 4058; x_wconf 87' lang='lat' dir='ltr'>facta</span> <span class='ocrx_word' id='word_1_341' title='bbox 1062 4004 1137 4058; x_wconf 86' lang='lat' dir='ltr'>aunt</span> <span class='ocrx_word' id='word_1_342' title='bbox 1157 3993 1209 4058; x_wconf 89' lang='lat' dir='ltr'>uel</span> <span class='ocrx_word' id='word_1_343' title='bbox 1232 3994 1355 4078; x_wconf 88' lang='lat' dir='ltr'>scripta</span> <span class='ocrx_word' id='word_1_344' title='bbox 1377 3993 1410 4055; x_wconf 92' lang='lat' dir='ltr'>in</span> <span class='ocrx_word' id='word_1_345' title='bbox 1430 3992 1491 4057; x_wconf 91' lang='lat' dir='ltr'>hac</span> <span class='ocrx_word' id='word_1_346' title='bbox 1512 4004 1600 4057; x_wconf 88' lang='lat' dir='ltr'>terra</span> <span class='ocrx_word' id='word_1_347' title='bbox 1622 4004 1653 4055; x_wconf 88' lang='lat' dir='ltr'>et</span> <span class='ocrx_word' id='word_1_348' title='bbox 1675 3990 1860 4056; x_wconf 90' lang='lat' dir='ltr'>ciuitatibus</span> <span class='ocrx_word' id='word_1_349' title='bbox 1880 4003 1912 4056; x_wconf 89' lang='lat' dir='ltr'>et</span> <span class='ocrx_word' id='word_1_350' title='bbox 1931 3993 2011 4058; x_wconf 94' lang='lat' dir='ltr'>locis</span> <span class='ocrx_word' id='word_1_351' title='bbox 2034 3996 2163 4074; x_wconf 73' lang='lat' dir='ltr'>eius?⁰)</span> <span class='ocrx_word' id='word_1_352' title='bbox 2246 4046 2252 4059; x_wconf 95' lang='lat'><strong>.</strong></span> 
     </span>
    </p>
   </div>
   <div class='ocr_carea' id='block_1_3' title="bbox 589 4139 2324 4930">
    <p class='ocr_par' dir='ltr' id='par_1_3' title="bbox 589 4139 2324 4930">
     <span class='ocr_line' id='line_1_30' title="bbox 589 4139 2323 4234; baseline 0.005 -27"><span class='ocrx_word' id='word_1_353' title='bbox 589 4172 618 4223; x_wconf 83' lang='lat'>17</span> <span class='ocrx_word' id='word_1_354' title='bbox 761 4144 882 4209; x_wconf 91' lang='lat' dir='ltr'>Uerum</span> <span class='ocrx_word' id='word_1_355' title='bbox 914 4142 1029 4208; x_wconf 91' lang='lat' dir='ltr'>uidens</span> <span class='ocrx_word' id='word_1_356' title='bbox 1058 4141 1217 4228; x_wconf 90' lang='lat' dir='ltr'>quosdam</span> <span class='ocrx_word' id='word_1_357' title='bbox 1239 4141 1326 4206; x_wconf 83' lang='lat' dir='ltr'>affici</span> <span class='ocrx_word' id='word_1_358' title='bbox 1348 4141 1511 4206; x_wconf 91' lang='lat' dir='ltr'>desiderio</span> <span class='ocrx_word' id='word_1_359' title='bbox 1534 4163 1573 4205; x_wconf 91' lang='lat' dir='ltr'>ea</span> <span class='ocrx_word' id='word_1_360' title='bbox 1597 4139 1709 4205; x_wconf 88' lang='lat' dir='ltr'>saltem</span> <span class='ocrx_word' id='word_1_361' title='bbox 1741 4140 1926 4227; x_wconf 87' lang='lat' dir='ltr'>aliqualiter</span> <span class='ocrx_word' id='word_1_362' title='bbox 1948 4144 2140 4231; x_wconf 89' lang='lat' dir='ltr'>imaginari,</span> <span class='ocrx_word' id='word_1_363' title='bbox 2173 4170 2236 4234; x_wconf 91' lang='lat' dir='ltr'>que</span> <span class='ocrx_word' id='word_1_364' title='bbox 2256 4173 2323 4216; x_wconf 93' lang='lat' dir='ltr'>non</span> 
     </span>
     <span class='ocr_line' id='line_1_31' title="bbox 638 4253 2324 4350; baseline 0.004 -26"><span class='ocrx_word' id='word_1_365' title='bbox 638 4271 774 4346; x_wconf 87' lang='lat' dir='ltr'>possunt</span> <span class='ocrx_word' id='word_1_366' title='bbox 796 4258 1042 4346; x_wconf 86' lang='lat' dir='ltr'>presencialiter</span> <span class='ocrx_word' id='word_1_367' title='bbox 1062 4259 1194 4341; x_wconf 92' lang='lat' dir='ltr'>intueri,</span> <span class='ocrx_word' id='word_1_368' title='bbox 1225 4268 1257 4322; x_wconf 89' lang='lat' dir='ltr'>et</span> <span class='ocrx_word' id='word_1_369' title='bbox 1285 4258 1420 4345; x_wconf 88' lang='lat' dir='ltr'>cupiens</span> <span class='ocrx_word' id='word_1_370' title='bbox 1442 4280 1553 4323; x_wconf 89' lang='lat' dir='ltr'>eorum</span> <span class='ocrx_word' id='word_1_371' title='bbox 1583 4256 1744 4322; x_wconf 89' lang='lat' dir='ltr'>desiderio</span> <span class='ocrx_word' id='word_1_372' title='bbox 1772 4259 1977 4341; x_wconf 87' lang='lat' dir='ltr'>satisfacere,</span> <span class='ocrx_word' id='word_1_373' title='bbox 2003 4273 2158 4346; x_wconf 89' lang='lat' dir='ltr'>quantum</span> <span class='ocrx_word' id='word_1_374' title='bbox 2180 4253 2324 4350; x_wconf 90' lang='lat' dir='ltr'>possum,</span> 
     </span>
     <span class='ocr_line' id='line_1_32' title="bbox 637 4373 2322 4463; baseline 0.005 -25"><span class='ocrx_word' id='word_1_375' title='bbox 637 4389 759 4439; x_wconf 86' lang='lat' dir='ltr'>terram</span> <span class='ocrx_word' id='word_1_376' title='bbox 781 4377 898 4462; x_wconf 89' lang='lat' dir='ltr'>ipsam,</span> <span class='ocrx_word' id='word_1_377' title='bbox 920 4398 1017 4463; x_wconf 88' lang='lat' dir='ltr'>quam</span> <span class='ocrx_word' id='word_1_378' title='bbox 1039 4373 1179 4461; x_wconf 89' lang='lat' dir='ltr'>pedibus</span> <span class='ocrx_word' id='word_1_379' title='bbox 1200 4376 1281 4440; x_wconf 92' lang='lat' dir='ltr'>meis</span> <span class='ocrx_word' id='word_1_380' title='bbox 1303 4374 1424 4462; x_wconf 88' lang='lat' dir='ltr'>pluries</span> <span class='ocrx_word' id='word_1_381' title='bbox 1446 4374 1652 4461; x_wconf 89' lang='lat' dir='ltr'>pertransiui,</span> <span class='ocrx_word' id='word_1_382' title='bbox 1675 4385 1829 4459; x_wconf 88' lang='lat' dir='ltr'>quantum</span> <span class='ocrx_word' id='word_1_383' title='bbox 1852 4378 1952 4462; x_wconf 90' lang='lat' dir='ltr'>potui,</span> <span class='ocrx_word' id='word_1_384' title='bbox 1975 4376 2189 4461; x_wconf 88' lang='lat' dir='ltr'>consideraui,</span> <span class='ocrx_word' id='word_1_385' title='bbox 2212 4391 2243 4445; x_wconf 89' lang='lat' dir='ltr'>et</span> <span class='ocrx_word' id='word_1_386' title='bbox 2264 4405 2322 4447; x_wconf 94' lang='lat' dir='ltr'>no·</span> 
     </span>
     <span class='ocr_line' id='line_1_33' title="bbox 636 4489 2322 4577; baseline 0.005 -23"><span class='ocrx_word' id='word_1_387' title='bbox 636 4493 706 4554; x_wconf 89' lang='lat' dir='ltr'>taui</span> <span class='ocrx_word' id='word_1_388' title='bbox 729 4490 919 4576; x_wconf 86' lang='lat' dir='ltr'>diligenter,</span> <span class='ocrx_word' id='word_1_389' title='bbox 955 4502 986 4555; x_wconf 91' lang='lat' dir='ltr'>et</span> <span class='ocrx_word' id='word_1_390' title='bbox 1008 4491 1152 4556; x_wconf 87' lang='lat' dir='ltr'>studiose</span> <span class='ocrx_word' id='word_1_391' title='bbox 1173 4490 1349 4577; x_wconf 87' lang='lat' dir='ltr'>descripsi,</span> <span class='ocrx_word' id='word_1_392' title='bbox 1377 4490 1438 4554; x_wconf 92' lang='lat' dir='ltr'>hoc</span> <span class='ocrx_word' id='word_1_393' title='bbox 1462 4489 1615 4557; x_wconf 91' lang='lat' dir='ltr'>lectorem</span> <span class='ocrx_word' id='word_1_394' title='bbox 1638 4491 1722 4554; x_wconf 92' lang='lat' dir='ltr'>scire</span> <span class='ocrx_word' id='word_1_395' title='bbox 1744 4489 1871 4573; x_wconf 91' lang='lat' dir='ltr'>uolens,</span> <span class='ocrx_word' id='word_1_396' title='bbox 1902 4490 1987 4577; x_wconf 91' lang='lat' dir='ltr'>quod</span> <span class='ocrx_word' id='word_1_397' title='bbox 2008 4491 2108 4556; x_wconf 91' lang='lat' dir='ltr'>nichil</span> <span class='ocrx_word' id='word_1_398' title='bbox 2131 4497 2163 4558; x_wconf 89' lang='lat' dir='ltr'>in</span> <span class='ocrx_word' id='word_1_399' title='bbox 2183 4496 2244 4561; x_wconf 94' lang='lat' dir='ltr'>hac</span> <span class='ocrx_word' id='word_1_400' title='bbox 2267 4497 2322 4563; x_wconf 90' lang='lat' dir='ltr'>de·</span> 
     </span>
     <span class='ocr_line' id='line_1_34' title="bbox 638 4606 2322 4693; baseline 0.006 -24"><span class='ocrx_word' id='word_1_401' title='bbox 638 4607 814 4692; x_wconf 90' lang='lat' dir='ltr'>scriptione</span> <span class='ocrx_word' id='word_1_402' title='bbox 844 4608 953 4693; x_wconf 84' lang='lat' dir='ltr'>posui,</span> <span class='ocrx_word' id='word_1_403' title='bbox 986 4609 1049 4670; x_wconf 92' lang='lat' dir='ltr'>nisi</span> <span class='ocrx_word' id='word_1_404' title='bbox 1071 4607 1158 4692; x_wconf 90' lang='lat' dir='ltr'>quod</span> <span class='ocrx_word' id='word_1_405' title='bbox 1180 4607 1265 4685; x_wconf 79' lang='lat' dir='ltr'>uel‘)</span> <span class='ocrx_word' id='word_1_406' title='bbox 1287 4607 1532 4693; x_wconf 89' lang='lat' dir='ltr'>presencialiter</span> <span class='ocrx_word' id='word_1_407' title='bbox 1560 4608 1594 4670; x_wconf 92' lang='lat' dir='ltr'>in</span> <span class='ocrx_word' id='word_1_408' title='bbox 1615 4606 1695 4671; x_wconf 87' lang='lat' dir='ltr'>locis</span> <span class='ocrx_word' id='word_1_409' title='bbox 1716 4608 1796 4691; x_wconf 92' lang='lat' dir='ltr'>ipsis</span> <span class='ocrx_word' id='word_1_410' title='bbox 1819 4607 1962 4670; x_wconf 80' lang='lat' dir='ltr'>existens</span> <span class='ocrx_word' id='word_1_411' title='bbox 1984 4608 2069 4690; x_wconf 91' lang='lat' dir='ltr'>uidi,</span> <span class='ocrx_word' id='word_1_412' title='bbox 2100 4610 2151 4675; x_wconf 91' lang='lat' dir='ltr'>uel</span> <span class='ocrx_word' id='word_1_413' title='bbox 2175 4625 2265 4678; x_wconf 87' lang='lat' dir='ltr'>stans</span> <span class='ocrx_word' id='word_1_414' title='bbox 2286 4617 2322 4679; x_wconf 91' lang='lat' dir='ltr'>in</span> 
     </span>
     <span class='ocr_line' id='line_1_35' title="bbox 637 4721 2322 4814; baseline 0.005 -28"><span class='ocrx_word' id='word_1_415' title='bbox 637 4722 799 4788; x_wconf 90' lang='lat' dir='ltr'>montibus</span> <span class='ocrx_word' id='word_1_416' title='bbox 822 4722 985 4809; x_wconf 91' lang='lat' dir='ltr'>aliquibus</span> <span class='ocrx_word' id='word_1_417' title='bbox 1010 4722 1062 4787; x_wconf 91' lang='lat' dir='ltr'>uel</span> <span class='ocrx_word' id='word_1_418' title='bbox 1084 4724 1163 4789; x_wconf 90' lang='lat' dir='ltr'>locis</span> <span class='ocrx_word' id='word_1_419' title='bbox 1186 4722 1258 4788; x_wconf 89' lang='lat' dir='ltr'>aliis</span> <span class='ocrx_word' id='word_1_420' title='bbox 1280 4726 1466 4808; x_wconf 91' lang='lat' dir='ltr'>oportunis,</span> <span class='ocrx_word' id='word_1_421' title='bbox 1495 4722 1550 4787; x_wconf 90' lang='lat' dir='ltr'>ubi</span> <span class='ocrx_word' id='word_1_422' title='bbox 1573 4744 1741 4787; x_wconf 89' lang='lat' dir='ltr'>accessum</span> <span class='ocrx_word' id='word_1_423' title='bbox 1764 4721 1884 4785; x_wconf 86' lang='lat' dir='ltr'>habere</span> <span class='ocrx_word' id='word_1_424' title='bbox 1906 4744 1971 4786; x_wconf 91' lang='lat' dir='ltr'>non</span> <span class='ocrx_word' id='word_1_425' title='bbox 1993 4729 2098 4809; x_wconf 93' lang='lat' dir='ltr'>potui,</span> <span class='ocrx_word' id='word_1_426' title='bbox 2129 4749 2149 4790; x_wconf 88' lang='lat' dir='ltr'>a</span> <span class='ocrx_word' id='word_1_427' title='bbox 2170 4728 2322 4814; x_wconf 84' lang='lat' dir='ltr'>Syrianis</span> 
     </span>
     <span class='ocr_line' id='line_1_36' title="bbox 639 4837 2323 4930; baseline 0.004 -27"><span class='ocrx_word' id='word_1_428' title='bbox 639 4839 691 4903; x_wconf 92' lang='lat' dir='ltr'>uel</span> <span class='ocrx_word' id='word_1_429' title='bbox 712 4861 731 4903; x_wconf 89' lang='lat' dir='ltr'>a</span> <span class='ocrx_word' id='word_1_430' title='bbox 754 4838 944 4904; x_wconf 87' lang='lat' dir='ltr'>Sarracenis</span> <span class='ocrx_word' id='word_1_431' title='bbox 967 4848 1023 4903; x_wconf 90' lang='lat' dir='ltr'>aut</span> <span class='ocrx_word' id='word_1_432' title='bbox 1044 4839 1117 4904; x_wconf 90' lang='lat' dir='ltr'>aliis</span> <span class='ocrx_word' id='word_1_433' title='bbox 1137 4850 1223 4904; x_wconf 86' lang='lat' dir='ltr'>terre</span> <span class='ocrx_word' id='word_1_434' title='bbox 1243 4837 1482 4904; x_wconf 87' lang='lat' dir='ltr'>habitatoribus</span> <span class='ocrx_word' id='word_1_435' title='bbox 1503 4837 1770 4923; x_wconf 88' lang='lat' dir='ltr'>diligentissime,</span> <span class='ocrx_word' id='word_1_436' title='bbox 1794 4837 1880 4923; x_wconf 91' lang='lat' dir='ltr'>quod</span> <span class='ocrx_word' id='word_1_437' title='bbox 1904 4839 2089 4924; x_wconf 89' lang='lat' dir='ltr'>querebam,</span> <span class='ocrx_word' id='word_1_438' title='bbox 2113 4843 2323 4930; x_wconf 86' lang='lat' dir='ltr'>interrogans</span> 
     </span>
    </p>
   </div>
   <div class='ocr_carea' id='block_1_4' title="bbox 590 4951 2322 5087">
    <p class='ocr_par' dir='ltr' id='par_1_4' title="bbox 590 4951 2322 5087">
     <span class='ocr_line' id='line_1_37' title="bbox 590 4951 2322 5047; baseline 0.002 -25"><span class='ocrx_word' id='word_1_439' title='bbox 590 4974 619 5025; x_wconf 83' lang='lat'>18</span> <span class='ocrx_word' id='word_1_440' title='bbox 640 4956 804 5020; x_wconf 87' lang='lat' dir='ltr'>annotaui.</span> <span class='ocrx_word' id='word_1_441' title='bbox 851 4954 968 5020; x_wconf 88' lang='lat' dir='ltr'>Totam</span> <span class='ocrx_word' id='word_1_442' title='bbox 995 4957 1079 5020; x_wconf 89' lang='lat' dir='ltr'>enim</span> <span class='ocrx_word' id='word_1_443' title='bbox 1107 4965 1225 5019; x_wconf 88' lang='lat' dir='ltr'>terram</span> <span class='ocrx_word' id='word_1_444' title='bbox 1249 4957 1354 5041; x_wconf 91' lang='lat' dir='ltr'>ipsam</span> <span class='ocrx_word' id='word_1_445' title='bbox 1379 4979 1398 5020; x_wconf 89' lang='lat' dir='ltr'>a</span> <span class='ocrx_word' id='word_1_446' title='bbox 1421 4955 1497 5021; x_wconf 92' lang='lat' dir='ltr'>Dan</span> <span class='ocrx_word' id='word_1_447' title='bbox 1518 4977 1621 5040; x_wconf 93' lang='lat' dir='ltr'>usque</span> <span class='ocrx_word' id='word_1_448' title='bbox 1642 4951 1825 5035; x_wconf 88' lang='lat' dir='ltr'>Bersabee,</span> <span class='ocrx_word' id='word_1_449' title='bbox 1859 4957 1985 5019; x_wconf 89' lang='lat' dir='ltr'>amari</span> <span class='ocrx_word' id='word_1_450' title='bbox 2006 4970 2132 5022; x_wconf 91' lang='lat' dir='ltr'>mortuo</span> <span class='ocrx_word' id='word_1_451' title='bbox 2154 4983 2256 5047; x_wconf 88' lang='lat' dir='ltr'>usque</span> <span class='ocrx_word' id='word_1_452' title='bbox 2278 4961 2322 5026; x_wconf 90' lang='lat' dir='ltr'>ad</span> 
     </span>
     <span class='ocr_line' id='line_1_38' title="bbox 2031 5060 2041 5087; baseline 0 0"><span class='ocrx_word' id='word_1_453' title='bbox 2031 5060 2041 5087; x_wconf 81' lang='grc' dir='ltr'><em>Ι</em></span> 
     </span>
    </p>
   </div>
   <div class='ocr_carea' id='block_1_5' title="bbox 704 5150 2325 5475">
    <p class='ocr_par' dir='ltr' id='par_1_5' title="bbox 704 5150 2325 5475">
     <span class='ocr_line' id='line_1_39' title="bbox 704 5150 2322 5225; baseline 0.004 -19"><span class='ocrx_word' id='word_1_454' title='bbox 704 5157 731 5221; x_wconf 86' lang='lat' dir='ltr'>a)</span> <span class='ocrx_word' id='word_1_455' title='bbox 749 5154 885 5208; x_wconf 73' lang='lat' dir='ltr'>‹hnaiaice</span> <span class='ocrx_word' id='word_1_456' title='bbox 906 5153 1049 5223; x_wconf 77' lang='lat' dir='ltr'>passiortr&#39;s</span> <span class='ocrx_word' id='word_1_457' title='bbox 1071 5161 1096 5206; x_wconf 84' lang='lat' dir='ltr'>et</span> <span class='ocrx_word' id='word_1_458' title='bbox 1111 5154 1215 5208; x_wconf 80' lang='lat' dir='ltr'>sanctia</span> <span class='ocrx_word' id='word_1_459' title='bbox 1234 5153 1272 5208; x_wconf 90' lang='lat' dir='ltr'>St.</span> <span class='ocrx_word' id='word_1_460' title='bbox 1299 5185 1330 5193; x_wconf 95' lang='lat'>—</span> <span class='ocrx_word' id='word_1_461' title='bbox 1360 5153 1389 5222; x_wconf 88' lang='lat' dir='ltr'>b)</span> <span class='ocrx_word' id='word_1_462' title='bbox 1409 5154 1538 5207; x_wconf 81' lang='lat' dir='ltr'>Nabem&#39;o</span> <span class='ocrx_word' id='word_1_463' title='bbox 1560 5150 1623 5207; x_wconf 87' lang='lat' dir='ltr'>Sth</span> <span class='ocrx_word' id='word_1_464' title='bbox 1645 5151 1696 5205; x_wconf 82' lang='lat' dir='ltr'>Ed.</span> <span class='ocrx_word' id='word_1_465' title='bbox 1715 5151 1785 5206; x_wconf 92' lang='lat' dir='ltr'>Ven.</span> <span class='ocrx_word' id='word_1_466' title='bbox 1812 5182 1842 5191; x_wconf 95' lang='lat'>-</span> <span class='ocrx_word' id='word_1_467' title='bbox 1867 5153 1894 5225; x_wconf 90' lang='lat' dir='ltr'>c)</span> <span class='ocrx_word' id='word_1_468' title='bbox 1912 5158 2032 5212; x_wconf 74' lang='lat' dir='ltr'>himknt.</span> <span class='ocrx_word' id='word_1_469' title='bbox 2051 5156 2114 5212; x_wconf 88' lang='lat' dir='ltr'>Sth</span> <span class='ocrx_word' id='word_1_470' title='bbox 2137 5160 2253 5212; x_wconf 76' lang='lat' dir='ltr'>madunt</span> <span class='ocrx_word' id='word_1_471' title='bbox 2270 5159 2322 5213; x_wconf 86' lang='lat' dir='ltr'>Ed.</span> 
     </span>
     <span class='ocr_line' id='line_1_40' title="bbox 773 5234 2325 5305; baseline 0.003 -13"><span class='ocrx_word' id='word_1_472' title='bbox 773 5238 842 5292; x_wconf 88' lang='lat' dir='ltr'>Ven.</span> <span class='ocrx_word' id='word_1_473' title='bbox 865 5267 896 5277; x_wconf 90' lang='lat'><em>-</em></span> <span class='ocrx_word' id='word_1_474' title='bbox 915 5238 943 5305; x_wconf 89' lang='lat' dir='ltr'>d)</span> <span class='ocrx_word' id='word_1_475' title='bbox 963 5236 1107 5291; x_wconf 87' lang='lat' dir='ltr'>Danielem</span> <span class='ocrx_word' id='word_1_476' title='bbox 1127 5236 1297 5292; x_wconf 84' lang='lat' dir='ltr'>Ezechielem</span> <span class='ocrx_word' id='word_1_477' title='bbox 1310 5236 1349 5292; x_wconf 88' lang='lat' dir='ltr'>St.</span> <span class='ocrx_word' id='word_1_478' title='bbox 1386 5235 1438 5292; x_wconf 88' lang='lat' dir='ltr'>Sed</span> <span class='ocrx_word' id='word_1_479' title='bbox 1456 5237 1509 5290; x_wconf 85' lang='lat' dir='ltr'>vid.</span> <span class='ocrx_word' id='word_1_480' title='bbox 1528 5234 1628 5290; x_wconf 84' lang='lat' dir='ltr'>Ezech.</span> <span class='ocrx_word' id='word_1_481' title='bbox 1647 5241 1674 5296; x_wconf 84' lang='grc'>8.</span> <span class='ocrx_word' id='word_1_482' title='bbox 1694 5239 1718 5289; x_wconf 86' lang='grc'>3.</span> <span class='ocrx_word' id='word_1_483' title='bbox 1740 5266 1767 5274; x_wconf 89' lang='grc'><strong>-</strong></span> <span class='ocrx_word' id='word_1_484' title='bbox 1795 5238 1821 5302; x_wconf 90' lang='lat' dir='ltr'>e)</span> <span class='ocrx_word' id='word_1_485' title='bbox 1840 5236 1900 5290; x_wconf 93' lang='lat' dir='ltr'>Hoc</span> <span class='ocrx_word' id='word_1_486' title='bbox 1920 5238 1981 5293; x_wconf 91' lang='lat' dir='ltr'>loco</span> <span class='ocrx_word' id='word_1_487' title='bbox 2000 5239 2041 5296; x_wconf 88' lang='lat' dir='ltr'>St.</span> <span class='ocrx_word' id='word_1_488' title='bbox 2061 5241 2139 5295; x_wconf 87' lang='lat' dir='ltr'>addit</span> <span class='ocrx_word' id='word_1_489' title='bbox 2157 5240 2253 5296; x_wconf 87' lang='lat' dir='ltr'>verba:</span> <span class='ocrx_word' id='word_1_490' title='bbox 2277 5244 2325 5298; x_wconf 75' lang='lat' dir='ltr'>uic</span> 
     </span>
     <span class='ocr_line' id='line_1_41' title="bbox 779 5317 2322 5390; baseline 0.005 -16"><span class='ocrx_word' id='word_1_491' title='bbox 779 5323 914 5389; x_wconf 60' lang='lat' dir='ltr'>inmodice,</span> <span class='ocrx_word' id='word_1_492' title='bbox 932 5322 957 5376; x_wconf 93' lang='lat' dir='ltr'>h.</span> <span class='ocrx_word' id='word_1_493' title='bbox 976 5339 998 5377; x_wconf 92' lang='lat' dir='ltr'>c.</span> <span class='ocrx_word' id='word_1_494' title='bbox 1017 5320 1132 5375; x_wconf 89' lang='lat' dir='ltr'>interius</span> <span class='ocrx_word' id='word_1_495' title='bbox 1150 5320 1241 5390; x_wconf 89' lang='lat' dir='ltr'>incipe</span> <span class='ocrx_word' id='word_1_496' title='bbox 1261 5337 1359 5375; x_wconf 83' lang='lat' dir='ltr'>novam</span> <span class='ocrx_word' id='word_1_497' title='bbox 1378 5321 1478 5374; x_wconf 89' lang='lat' dir='ltr'>lineam</span> <span class='ocrx_word' id='word_1_498' title='bbox 1498 5321 1646 5390; x_wconf 83' lang='lat' dir='ltr'>ingressus.</span> <span class='ocrx_word' id='word_1_499' title='bbox 1682 5317 1761 5384; x_wconf 87' lang='lat' dir='ltr'>Quae</span> <span class='ocrx_word' id='word_1_500' title='bbox 1779 5319 1864 5374; x_wconf 85' lang='lat' dir='ltr'>verba</span> <span class='ocrx_word' id='word_1_501' title='bbox 1877 5320 2005 5378; x_wconf 87' lang='lat' dir='ltr'>librarius</span> <span class='ocrx_word' id='word_1_502' title='bbox 2016 5325 2168 5379; x_wconf 86' lang='lat' dir='ltr'>dormitans</span> <span class='ocrx_word' id='word_1_503' title='bbox 2185 5343 2240 5380; x_wconf 92' lang='lat' dir='ltr'>non</span> <span class='ocrx_word' id='word_1_504' title='bbox 2261 5343 2322 5382; x_wconf 83' lang='lat' dir='ltr'>exe·</span> 
     </span>
     <span class='ocr_line' id='line_1_42' title="bbox 773 5403 1653 5475; baseline 0.001 -18"><span class='ocrx_word' id='word_1_505' title='bbox 773 5411 875 5475; x_wconf 73' lang='lat' dir='ltr'>quidus</span> <span class='ocrx_word' id='word_1_506' title='bbox 892 5413 948 5468; x_wconf 84' lang='lat' dir='ltr'>est,</span> <span class='ocrx_word' id='word_1_507' title='bbox 972 5405 1018 5460; x_wconf 90' lang='lat' dir='ltr'>sed</span> <span class='ocrx_word' id='word_1_508' title='bbox 1037 5421 1110 5459; x_wconf 91' lang='lat' dir='ltr'>mere</span> <span class='ocrx_word' id='word_1_509' title='bbox 1127 5404 1280 5474; x_wconf 85' lang='lat' dir='ltr'>descripsit.</span> <span class='ocrx_word' id='word_1_510' title='bbox 1295 5435 1329 5445; x_wconf 83' lang='lat'>-</span> <span class='ocrx_word' id='word_1_511' title='bbox 1348 5403 1371 5468; x_wconf 72' lang='lat' dir='ltr'>s)</span> <span class='ocrx_word' id='word_1_512' title='bbox 1389 5406 1446 5458; x_wconf 77' lang='lat' dir='ltr'>nisi</span> <span class='ocrx_word' id='word_1_513' title='bbox 1461 5405 1506 5459; x_wconf 80' lang='lat' dir='ltr'>ael</span> <span class='ocrx_word' id='word_1_514' title='bbox 1522 5406 1598 5474; x_wconf 81' lang='lat' dir='ltr'>qaod</span> <span class='ocrx_word' id='word_1_515' title='bbox 1614 5403 1653 5459; x_wconf 85' lang='lat' dir='ltr'>St.</span> 
     </span>
    </p>
   </div>
   <div class='ocr_carea' id='block_1_6' title="bbox 637 5591 2324 6071">
    <p class='ocr_par' dir='ltr' id='par_1_6' title="bbox 637 5591 2324 5968">
     <span class='ocr_line' id='line_1_43' title="bbox 700 5591 2324 5675; baseline 0.001 -20"><span class='ocrx_word' id='word_1_516' title='bbox 700 5601 729 5666; x_wconf 67' lang='lat'>5}</span> <span class='ocrx_word' id='word_1_517' title='bbox 758 5593 921 5652; x_wconf 83' lang='lat' dir='ltr'>dominicae</span> <span class='ocrx_word' id='word_1_518' title='bbox 951 5593 1027 5651; x_wconf 85' lang='lat' dir='ltr'>actis</span> <span class='ocrx_word' id='word_1_519' title='bbox 1057 5604 1084 5653; x_wconf 87' lang='lat' dir='ltr'>ct</span> <span class='ocrx_word' id='word_1_520' title='bbox 1113 5593 1236 5668; x_wconf 82' lang='lat' dir='ltr'>sanctis]</span> <span class='ocrx_word' id='word_1_521' title='bbox 1271 5591 1458 5652; x_wconf 87' lang='lat' dir='ltr'>Vocabulum</span> <span class='ocrx_word' id='word_1_522' title='bbox 1501 5593 1605 5653; x_wconf 75' lang='lat' dir='ltr'>hemum</span> <span class='ocrx_word' id='word_1_523' title='bbox 1634 5591 1870 5653; x_wconf 88' lang='lat' dir='ltr'>emendationem</span> <span class='ocrx_word' id='word_1_524' title='bbox 1891 5597 2081 5666; x_wconf 82' lang='lat' dir='ltr'>Nabatcuia,</span> <span class='ocrx_word' id='word_1_525' title='bbox 2110 5617 2199 5675; x_wconf 89' lang='lat' dir='ltr'>quum</span> <span class='ocrx_word' id='word_1_526' title='bbox 2221 5599 2324 5656; x_wconf 82' lang='lat' dir='ltr'>Nobe-</span> 
     </span>
     <span class='ocr_line' id='line_1_44' title="bbox 637 5681 2324 5769; baseline 0.002 -16"><span class='ocrx_word' id='word_1_527' title='bbox 637 5695 712 5754; x_wconf 82' lang='lat' dir='ltr'>actis</span> <span class='ocrx_word' id='word_1_528' title='bbox 735 5713 751 5753; x_wconf 94' lang='lat' dir='ltr'>e</span> <span class='ocrx_word' id='word_1_529' title='bbox 776 5692 943 5751; x_wconf 89' lang='lat' dir='ltr'>coniectura</span> <span class='ocrx_word' id='word_1_530' title='bbox 964 5691 1147 5752; x_wconf 85' lang='lat' dir='ltr'>inseruimus.</span> <span class='ocrx_word' id='word_1_531' title='bbox 1182 5681 1268 5755; x_wconf 79' lang='lat' dir='ltr'>Edit.</span> <span class='ocrx_word' id='word_1_532' title='bbox 1288 5693 1458 5753; x_wconf 86' lang='lat' dir='ltr'>venetaha-</span> <span class='ocrx_word' id='word_1_533' title='bbox 1500 5693 1553 5750; x_wconf 80' lang='lat' dir='ltr'>nic</span> <span class='ocrx_word' id='word_1_534' title='bbox 1587 5693 1701 5769; x_wconf 89' lang='lat' dir='ltr'>legatur</span> <span class='ocrx_word' id='word_1_535' title='bbox 1729 5700 1759 5751; x_wconf 89' lang='lat' dir='ltr'>et</span> <span class='ocrx_word' id='word_1_536' title='bbox 1785 5694 1814 5750; x_wconf 87' lang='lat' dir='ltr'>iu</span> <span class='ocrx_word' id='word_1_537' title='bbox 1837 5692 1902 5753; x_wconf 89' lang='lat' dir='ltr'>cod.</span> <span class='ocrx_word' id='word_1_538' title='bbox 1925 5692 1987 5764; x_wconf 76' lang='lat' dir='ltr'>Se,</span> <span class='ocrx_word' id='word_1_539' title='bbox 2015 5705 2046 5753; x_wconf 91' lang='lat' dir='ltr'>et</span> <span class='ocrx_word' id='word_1_540' title='bbox 2071 5695 2101 5753; x_wconf 94' lang='lat' dir='ltr'>in</span> <span class='ocrx_word' id='word_1_541' title='bbox 2123 5697 2169 5756; x_wconf 91' lang='lat' dir='ltr'>ed.</span> <span class='ocrx_word' id='word_1_542' title='bbox 2192 5718 2258 5757; x_wconf 86' lang='lat' dir='ltr'>ven.</span> <span class='ocrx_word' id='word_1_543' title='bbox 2280 5731 2324 5740; x_wconf 90' lang='lat'>-</span> 
     </span>
     <span class='ocr_line' id='line_1_45' title="bbox 638 5791 2013 5870; baseline -0.001 -17"><span class='ocrx_word' id='word_1_544' title='bbox 638 5795 704 5853; x_wconf 88' lang='lat' dir='ltr'>bet:</span> <span class='ocrx_word' id='word_1_545' title='bbox 742 5791 905 5850; x_wconf 82' lang='lat' dir='ltr'>dominicae</span> <span class='ocrx_word' id='word_1_546' title='bbox 928 5791 1084 5865; x_wconf 81' lang='lat' dir='ltr'>passionis</span> <span class='ocrx_word' id='word_1_547' title='bbox 1113 5794 1189 5852; x_wconf 81' lang='lat' dir='ltr'>actis</span> <span class='ocrx_word' id='word_1_548' title='bbox 1214 5793 1363 5869; x_wconf 69' lang='lat' dir='ltr'>pestisque</span> <span class='ocrx_word' id='word_1_549' title='bbox 1392 5794 1458 5851; x_wconf 83' lang='lat' dir='ltr'>loca</span> <span class='ocrx_word' id='word_1_550' title='bbox 1499 5792 1674 5849; x_wconf 83' lang='lat' dir='ltr'>Nobatcnia</span> <span class='ocrx_word' id='word_1_551' title='bbox 1695 5803 1740 5849; x_wconf 87' lang='lat' dir='ltr'>est</span> <span class='ocrx_word' id='word_1_552' title='bbox 1761 5793 1778 5852; x_wconf 90' lang='lat' dir='ltr'>i.</span> <span class='ocrx_word' id='word_1_553' title='bbox 1800 5812 1827 5870; x_wconf 93' lang='lat' dir='ltr'>q.</span> <span class='ocrx_word' id='word_1_554' title='bbox 1851 5793 2013 5853; x_wconf 85' lang='lat' dir='ltr'>Nabatcnc.</span> 
     </span>
     <span class='ocr_line' id='line_1_46' title="bbox 637 5889 2323 5968; baseline 0.004 -19"><span class='ocrx_word' id='word_1_555' title='bbox 637 5893 776 5968; x_wconf 65' lang='lat' dir='ltr'>insignia.</span> <span class='ocrx_word' id='word_1_556' title='bbox 1564 5897 1593 5964; x_wconf 78' lang='lat'>7)</span> <span class='ocrx_word' id='word_1_557' title='bbox 1622 5891 1704 5966; x_wconf 62' lang='grc' dir='ltr'>Πίῳ]</span> <span class='ocrx_word' id='word_1_558' title='bbox 1728 5893 1778 5949; x_wconf 83' lang='lat' dir='ltr'>A&#39;r&#39;.</span> <span class='ocrx_word' id='word_1_559' title='bbox 1823 5889 2228 5953; x_wconf 75' lang='lat' dir='ltr'>cf,v.1taumeredit.111</span> <span class='ocrx_word' id='word_1_560' title='bbox 2255 5895 2323 5956; x_wconf 91' lang='lat' dir='ltr'>Pal.</span> 
     </span>
    </p>

    <p class='ocr_par' dir='ltr' id='par_1_7' title="bbox 700 5990 1619 6071">
     <span class='ocr_line' id='line_1_47' title="bbox 700 5990 1619 6071; baseline 0 -20"><span class='ocrx_word' id='word_1_561' title='bbox 700 5995 730 6061; x_wconf 74' lang='lat'>6)</span> <span class='ocrx_word' id='word_1_562' title='bbox 753 5990 936 6066; x_wconf 82' lang='lat' dir='ltr'>Nubotcnia]</span> <span class='ocrx_word' id='word_1_563' title='bbox 959 5991 1056 6049; x_wconf 84' lang='lat' dir='ltr'>Amici</span> <span class='ocrx_word' id='word_1_564' title='bbox 1072 5990 1223 6051; x_wconf 86' lang='lat' dir='ltr'>cuiusdam</span> <span class='ocrx_word' id='word_1_565' title='bbox 1238 5993 1392 6071; x_wconf 86' lang='lat' dir='ltr'>sagacitati</span> <span class='ocrx_word' id='word_1_566' title='bbox 1409 5990 1457 6050; x_wconf 93' lang='lat' dir='ltr'>de·</span> <span class='ocrx_word' id='word_1_567' title='bbox 1501 6013 1528 6070; x_wconf 92' lang='lat' dir='ltr'>p.</span> <span class='ocrx_word' id='word_1_568' title='bbox 1556 5994 1619 6051; x_wconf 80' lang='lat'>152.</span> 
     </span>
    </p>
   </div>
   <div class='ocr_carea' id='block_1_7' title="bbox 0 0 2672 6965">
    <p class='ocr_par' dir='ltr' id='par_1_8' title="bbox 0 0 2672 6965">
     <span class='ocr_line' id='line_1_48' title="bbox 0 0 2672 6965; baseline 0 0"><span class='ocrx_word' id='word_1_569' title='bbox 0 0 2672 6965; x_wconf 95' lang='lat' dir='ltr'> </span> 
     </span>
    </p>
   </div>
  </div>
 </body>
</html>
