5334 6975
1245 708 1284 770 67

424 882 565 948 Fontem
586 903 665 946 uero
687 902 844 967 aquarum
867 880 1038 965 Gion⁴⁵⁴),
1060 883 1198 967 quinon
1221 882 1366 949 distabat
1388 884 1430 949 ab
1452 908 1533 971 agro
1553 886 1768 968 fullonis⁴⁵⁵),
1797 887 1891 952 duxit
1912 890 1945 951 in
1966 893 2098 967 superio-

427 1019 491 1060 rem
507 998 745 1077 piscinarum),
772 1020 834 1084 que
855 1006 904 1061 cst
926 1020 1023 1084 super
1044 1000 1207 1063 natatoria
1228 997 1324 1063 Siloe.
1366 999 1462 1065 Hanc
1482 1000 1594 1065 Achaz
1617 1003 1799 1089 inceperat,
1833 1002 1890 1067 sed
1911 1025 1975 1067 non
1995 1004 2096 1089 perfe-

426 1122 525 1177 cerat.
567 1112 620 1178 De
647 1112 710 1178 hae
736 1114 863 1199 piscina
891 1122 923 1177 et
950 1113 990 1178 de
1017 1114 1078 1179 hoc
1104 1115 1193 1180 sonte
1221 1114 1343 1179 dietum
1368 1125 1418 1181 est
1436 1115 1517 1180 illud
1536 1117 1719 1191 Ysaienu:
1748 1124 1918 1199 „Epredere
1940 1125 1982 1181 ad
2002 1132 2098 1181 eatre-

425 1250 503 1290 mum
535 1235 718 1310 aqueductus
745 1233 911 1308 superioris
933 1233 1049 1309 piscine
1081 1234 1113 1292 in
1144 1234 1197 1292 uia
1222 1235 1293 1311 apri
1303 1235 1462 1309 fullonis.“
1504 1231 1565 1296 Est
1587 1233 1671 1297 enim
1693 1234 1757 1297 ista
1778 1234 1903 1319 piscina
1927 1242 1959 1298 ct
1980 1233 2099 1298 dieitur

427 1345 578 1430 superior
598 1355 748 1431 respectu
770 1347 963 1411 natatatorie
984 1345 1085 1429 Siloe,
1114 1347 1189 1431 quia
1210 1348 1284 1432 ipsa
1304 1347 1468 1412 natatoria
1489 1346 1576 1412 Silue
1597 1347 1637 1412 de
1663 1350 1727 1412 ista
1748 1350 1875 1435 piscina
1897 1363 1928 1414 et
1951 1349 1990 1415 de
2011 1353 2099 1415 tonte

427 1456 517 1524 Siloo
535 1461 653 1546 recipit
673 1483 790 1545 aquam
811 1470 964 1549 tanquam
983 1462 1193 1539 inferior⁴⁵⁸).

549 1574 593 1640 Et
620 1586 698 1641 nota
727 1577 768 1642 de
796 1578 984 1643 diuersitate
1012 1578 1148 1642 istarum
1170 1578 1369 1664 piscinarum
1392 1589 1422 1642 et
1442 1578 1626 1642 nominibus
1648 1601 1767 1644 carum.
1810 1580 1921 1645 Prima
1943 1591 1975 1645 et
1994 1583 2096 1668 preci·

433 1712 500 1777 pua
533 1691 659 1777 piscina
686 1693 720 1757 in
740 1694 915 1759 Ierusalem
945 1705 1017 1757 erat
1037 1698 1160 1772 piscina
1185 1696 1364 1772 probatica,
1392 1694 1532 1777 quinque
1558 1696 1703 1780 porticus
1731 1695 1864 1760 habens,
1906 1696 2002 1760 Hanc
2022 1699 2099 1761 feeit

426 1804 581 1872 Salomon
612 1831 672 1894 pro
706 1811 884 1875 ministerio
917 1809 1036 1896 templi.
1078 1809 1131 1874 De
1159 1809 1221 1873 hac
1251 1808 1372 1873 dictum
1403 1818 1452 1872 est
1479 1831 1586 1895 supra.
1629 1808 1781 1874 Secunda
1806 1811 1868 1874 fuit
1895 1812 1987 1875 iuxta
2009 1811 2097 1876 illam

429 1932 542 1987 eontra
571 1923 753 2009 aquilonem
782 1927 816 1989 in
846 1926 982 1991 ccclesia
1008 1935 1118 1990 sancte
1144 1925 1253 2007 Anne,
1280 1936 1311 1988 et
1338 1923 1505 1988 dicebatur
1533 1928 1667 1989 interior.
1709 1924 1806 1990 Hane
1831 1928 1907 1990 lecit
1927 1926 2097 1992 Ezechias.

426 2035 480 2104 De
501 2038 563 2104 hac
583 2039 704 2105 dictum
728 2052 777 2105 est
798 2041 893 2127 paulo
917 2052 998 2106 ante.
1043 2041 1160 2105 Tereia
1181 2044 1338 2103 natatoria
1359 2043 1454 2117 Silae,
1481 2050 1512 2103 et
1540 2051 1610 2105 erat
1638 2040 1699 2105 sub
1725 2052 1833 2106 monte
1854 2042 1963 2107 oliucti
1985 2054 2016 2108 et
2037 2044 2097 2109 sub

427 2166 534 2219 monte
557 2154 634 2220 Sion
655 2180 757 2244 propc
778 2157 1026 2239 Acheldemach,
1048 2166 1080 2221 et
1100 2156 1242 2221 habebat
1262 2177 1380 2242 aquam
1404 2155 1444 2220 de
1465 2155 1553 2220 sonte
1566 2155 1660 2220 Siloc.
1694 2156 1790 2222 Hanc
1805 2159 1907 2222 eciam
1923 2160 1999 2223 fecit
2015 2159 2095 2223 Eze-

427 2268 526 2335 chias.
563 2270 721 2351 Quartae)
742 2288 812 2339 orat
829 2278 967 2353 superior
977 2277 1106 2352 piscina,
1121 2271 1160 2336 dc
1182 2295 1246 2359 qua
1262 2271 1384 2336 dictum
1405 2284 1463 2336 est.
1498 2270 1594 2336 Hanc
1609 2272 1757 2337 similiter
1771 2275 1907 2360 perfecit
1924 2273 2095 2342 Ezechias.

426 2383 472 2450 Et
492 2387 520 2450 si
539 2386 658 2452 alieubi
680 2391 836 2471 inuenies,
859 2389 944 2476 quod
965 2391 1028 2453 ista
1044 2396 1159 2474 quarta
1171 2388 1297 2474 piscina
1310 2388 1407 2452 fuerit
1422 2389 1456 2452 in
1469 2388 1609 2471 ciuitate,
1631 2411 1696 2453 non
1712 2399 1761 2453 cst
1775 2410 1897 2469 uerum,
1919 2390 2016 2454 immo
2032 2414 2097 2453 om·

428 2501 504 2566 nino
517 2502 726 2588 impossibile.
748 2505 832 2588 Scio,
845 2504 930 2592 quod
942 2528 1040 2591 super
1054 2526 1145 2579 „onus
1158 2507 1248 2564 uallis
1262 2505 1320 2581 ⁴⁵¹¹)
1334 2508 1475 2566 uisionis“
1490 2503 1607 2568 dicitur
1619 2516 1650 2569 et
1665 2504 1793 2590 legitur,
1807 2506 1883 2591 quia
1897 2505 1961 2568 iste
1971 2507 2097 2591 piscina

427 2619 581 2703 superior
606 2619 736 2697 first-itt)
765 2625 798 2685 in
821 2623 950 2687 ciuitate
976 2632 1008 2685 et
1029 2618 1209 2695 habuerim
1237 2641 1353 2703 aquam
1381 2618 1422 2684 de
1447 2621 1535 2685 fonte
1557 2619 1658 2685 Silue:
1686 2618 1773 2707 quod
1794 2619 1880 2685 nullo
1907 2619 2003 2685 modo
2026 2644 2097 2685 esse

426 2742 543 2819 potest,
565 2758 636 2798 cum
658 2738 772 2801 ciuitas
795 2738 894 2803 alcior
919 2738 960 2800 sit
981 2737 1068 2801 fonte
1086 2735 1172 2800 Siloe
1193 2735 1266 2821 plus
1289 2756 1385 2820 quam
1402 2734 1516 2801 CCCC
1538 2734 1665 2818 cubitis,
1688 2746 1720 2799 et
1742 2757 1828 2823 aque
1842 2758 1906 2800 non
1920 2738 2023 2823 possit
2039 2761 2097 2822 per

427 2857 551 2913 tantam
572 2850 772 2917 altitudinem
784 2853 884 2918 fluere
899 2876 1034 2917 sursum.
1075 2850 1195 2915 Uerum
1209 2861 1317 2914 tamen
1333 2861 1397 2931 est,
1420 2851 1507 2936 quod
1521 2850 1620 2915 habet
1634 2873 1753 2939 aquam
1767 2850 1807 2915 de
1821 2853 1894 2938 ipso
1910 2853 1997 2916 fonte
2009 2853 2097 2918 Silue

427 2973 460 3029 ct
481 2964 521 3030 de
542 2967 629 3032 fonte
650 2967 795 3034 inferiori
813 2969 898 3035 Cion
906 2974 941 3050 d),
965 2971 1039 3055 quia
1060 2978 1108 3031 est
1129 2981 1217 3031 extra
1239 2966 1403 3030 ciuitatem
1429 2967 1489 3030 sub
1509 2968 1590 3053 ipsis
1610 2966 1753 3032 fontibus
1775 2990 1840 3032 non
1859 2967 1955 3052 longe
1973 2991 1993 3031 a
2006 2982 2096 3033 nata-

426 3081 511 3146 toria
527 3081 624 3149 Siloc.
666 3085 759 3150 Alias
781 3088 923 3171 piscinas
945 3108 1008 3149 non
1029 3085 1106 3164 uidi,
1130 3105 1189 3146 nce
1210 3081 1274 3167 legi
1295 3083 1395 3146 fuisse
1417 3083 1450 3145 In
1463 3082 1641 3147 Ierusalem
1661 3082 1712 3146 uel
1734 3106 1805 3147 esse
1826 3085 2011 3167 antiquitus,
2034 3088 2097 3149 nisi

426 3195 509 3261 forte
526 3197 642 3286 aliquis
661 3200 740 3266 uelit
756 3225 838 3264 mare
855 3226 955 3264 eneam
965 3204 1033 3283 ⁴⁶0),
1055 3199 1141 3287 quod
1155 3201 1189 3262 in
1204 3199 1287 3264 facie
1302 3197 1415 3284 templi
1431 3207 1510 3278 erat,
1532 3199 1615 3262 inter
1629 3199 1771 3283 piscinas
1787 3209 1983 3285 computare.
2018 3200 2097 3264 Ber-

428 3311 534 3391 eilias>
556 3316 693 3399 quedam
716 3330 823 3382 tamen
845 3328 978 3404 propter
1000 3312 1148 3395 balneas)
1169 3316 1256 3380 sacta
1278 3325 1351 3378 sunt
1364 3313 1528 3378 modernis
1550 3313 1663 3379 dicbus
1686 3315 1720 3377 in
1737 3316 1867 3378 ciuitate
1883 3337 1947 3379 non
1965 3313 2062 3400 longe
2077 3340 2098 3380 a

425 3426 522 3495 domo
543 3432 727 3518 patriarche
750 3445 781 3499 et
798 3432 966 3521 hospitalis
989 3433 1092 3498 sancti
1114 3431 1278 3513 Iohannis,
1300 3429 1341 3494 de
1363 3430 1478 3518 quibus
1500 3452 1564 3495 non
1585 3429 1621 3494 fit
1641 3431 1759 3495 mentio
1781 3430 1815 3494 in
1835 3431 2096 3516 seriptura⁴¹³⁰⁰t

555 3554 652 3613 Uallia
681 3553 783 3615 ceiam
804 3556 949 3630 Iosophat
977 3548 1128 3635 cingebat
1149 3548 1328 3629 ciuitatem,
1359 3569 1401 3611 ex
1430 3556 1524 3634 parte
1546 3548 1678 3612 orientis
1702 3546 1761 3611 sub
1783 3556 1890 3611 monte
1912 3547 2021 3612 oliueti
2042 3548 2096 3612 do·

427 3664 593 3732 scendcns.
638 3665 708 3746 Qus
736 3667 811 3731 licet
839 3666 944 3731 adhuc
967 3666 1009 3730 sit
1030 3665 1108 3729 satis
1131 3662 1309 3750 profunda,
1339 3662 1475 3728 multum
1499 3674 1607 3728 tamen
1629 3672 1678 3728 est
1699 3663 1909 3749 impleta⁴⁶¹t
1958 3663 2097 3728 Romani

429 3780 524 3863 enim,
544 3792 579 3845 ut
601 3782 679 3847 dicit
700 3783 934 3870 Iosephusnn,
957 3782 999 3847 ab
1021 3803 1059 3846 ea
1080 3788 1173 3866 parte
1195 3781 1358 3843 ciuitatem
1381 3791 1605 3866 oppugnantes
1625 3779 1737 3844 incisis
1758 3779 1852 3844 oliuis
1875 3788 1908 3842 et
1924 3778 2095 3843 arboribus

427 3892 500 3961 aliis
528 3920 665 3983 aggeres
692 3899 768 3963 inde
795 3901 948 3963 iacientes
980 3920 1052 3961 eam
1079 3895 1370 3983 impleueranttsst).
1413 3896 1531 3961 Postea
1559 3898 1690 3981 insuper
1717 3908 1813 3983 capta
1835 3896 1965 3959 ciuitate
1985 3896 2096 3958 ruinas

427 4012 583 4077 atriorum
610 4024 641 4078 et
667 4013 777 4100 templi
805 4014 1008 4099 complanato
1034 4022 1140 4076 monte
1161 4010 1268 4075 Maria
1275 4059 1284 4092 ,
1318 4023 1352 4073 ut
1380 4010 1420 4074 de
1450 4022 1556 4076 cetero
1588 4012 1711 4088 locuss)
1738 4014 1856 4075 iterum
1885 4012 2003 4074 muniri
2030 4033 2096 4074 nou

428 4139 551 4213 posset,
581 4129 695 4195 Helius
715 4130 942 4206 Adrianus⁴¹⁵⁴)
971 4129 1047 4192 feeit
1069 4129 1177 4192 omnia
1199 4127 1302 4213 proici
1322 4127 1357 4189 in
1378 4138 1551 4190 torrentem
1575 4127 1704 4193 Cedron
1725 4140 1757 4190 et
1778 4128 1942 4190 ciuitatem
1964 4129 2095 4211 aspergi

493 4281 522 4346 a)
541 4286 657 4346 quatuor
673 4280 711 4335 St.
728 4288 829 4349 qrcarta
846 4278 871 4333 h.
890 4307 920 4316 -
941 4278 970 4351 b)
981 4278 1046 4346 suit
1064 4275 1097 4331 St
1109 4273 1137 4330 h.
1176 4274 1273 4328 Iberit
1290 4288 1305 4325 e
1323 4273 1482 4327 coniectura
1500 4274 1570 4328 dedi.
1592 4308 1620 4314 -
1639 4279 1665 4341 c)
1684 4276 1809 4328 traouen'r
1826 4275 1864 4329 St.
1882 4274 1975 4327 lraarit
1992 4273 2017 4327 h.
2045 4275 2095 4329 Ed.

560 4361 630 4417 Ven.
648 4393 681 4402 —
698 4363 726 4433 d)
742 4381 832 4432 pppoa
849 4362 888 4417 St.
911 4392 943 4401 -
959 4365 985 4427 c)
1003 4359 1141 4428 bercbylia
1162 4357 1202 4413 St.
1229 4389 1253 4395 —
1274 4355 1301 4420 f)
1320 4356 1417 4409 batam
1436 4355 1475 4410 st.
1496 4390 1525 4398 -
1542 4361 1572 4428 g)
1590 4357 1679 4411 locum
1698 4360 1738 4412 St.
1757 4358 1833 4411 locus
1851 4356 1878 4410 h.

487 4488 560 4556 454)
582 4484 705 4542 Fontem
726 4503 798 4542 uero
819 4505 966 4562 aquarum
988 4482 1075 4557 Cion]
1104 4481 1139 4540 V.
1158 4481 1239 4540 Tob·
1281 4477 1638 4556 quam'l'oblerusvocat,
1658 4480 1799 4558 piscinam
1814 4477 1924 4539 Siloab.
1964 4479 1999 4539 V.
2015 4480 2094 4539 Tob-

426 4581 470 4642 ler
491 4581 571 4662 Tap.
594 4603 621 4642 v.
643 4582 736 4642 Ierus.
757 4584 799 4642 II.
822 4589 869 4644 61,
1281 4576 1324 4634 ler
1346 4576 1403 4635 Die
1424 4575 1624 4655 Siloahquclle
1645 4599 1672 4657 p.
1695 4583 1733 4639 32
1755 4599 1817 4658 sqq.

488 4687 560 4749 455)
581 4683 618 4739 ab
645 4702 719 4757 apro
743 4682 882 4757 fullonis]
910 4679 956 4741 Cf.
978 4681 1092 4740 Iesaiac
1120 4677 1189 4737 VH.
1212 4683 1239 4748 3,
1345 4681 1415 4747 459)
1437 4695 1510 4732 onus
1533 4677 1631 4751 uallis]
1654 4677 1691 4738 V.
1712 4679 1826 4737 Iesaiac
1846 4677 1952 4736 XXII.
1981 4683 2003 4737 l.

423 4778 577 4841 XXXVI.
600 4785 635 4852 23
657 4781 691 4840 II
712 4781 828 4858 Regum
849 4780 969 4839 XVIII.
992 4784 1037 4840 11.
1345 4779 1415 4847 466)
1436 4794 1518 4832 errare
1540 4776 1649 4852 menan]
1678 4776 1715 4837 V.
1736 4777 1769 4836 II
1790 4775 1871 4836 Sam.
1892 4775 1977 4835 VIII.
2002 4779 2034 4850 8;
2063 4776 2095 4834 Il

487 4882 559 4953 456)
588 4880 621 4937 in
653 4881 836 4955 superiorem
861 4878 1018 4953 piscinam]
1056 4876 1111 4935 Est
1138 4895 1239 4934 recens
1281 4871 1396 4951 Regum
1417 4873 1519 4935 XXV.
1544 4880 1589 4935 13.

424 4978 527 5038 Birket
547 4978 750 5039 cl-Mamillah.
787 4978 823 5036 V.
845 4977 958 5036 Tobler
980 4976 1112 5054 Topogr.
1138 4997 1166 5036 v.
1187 4976 1238 5036 Je·
1344 4971 1436 5046 teob)
1457 4973 1589 5031 Berrilia
1612 5006 1653 5015 —
1674 4972 1832 5049 scriptura]
1864 4972 1911 5031 Dc
1939 4971 1995 5029 hoc
2026 4971 2095 5030 Bur-

423 5097 482 5139 rus.
494 5079 535 5138 11.
555 5081 593 5139 62
613 5098 676 5157 sqq.
704 5076 858 5136 Robinson
875 5076 938 5134 Pal.
953 5076 995 5136 II.
1016 5079 1072 5135 129
1086 5095 1149 5154 sqq.
1178 5075 1239 5154 Ap·
1281 5068 1381 5129 ohardi
1403 5071 1467 5130 loco
1486 5070 1554 5131 vide
1572 5092 1648 5151 quse
1664 5070 1766 5130 laudat
1781 5071 1928 5130 Toblerus
1950 5071 2095 5139 intPseu·

423 5185 624 5258 perstantem
646 5177 724 5234 hane
746 5174 944 5234 Burchardum
965 5174 992 5232 h.
1015 5172 1033 5234 l.
1056 5171 1240 5245 nondiccrc,
1282 5170 1344 5245 do)
1365 5171 1515 5230 Antonino
1546 5171 1690 5249 Martyre,
1720 5189 1805 5248 quem
1828 5169 1934 5242 edidit,
1957 5190 2025 5248 pag.
2047 5178 2095 5231 66.

422 5275 476 5337 scd
497 5295 573 5347 cum,
594 5294 682 5354 quam
704 5272 851 5333 Toblsrus
873 5273 943 5332 dicit
958 5271 1116 5331 Oberteieh
1128 5269 1238 5332 Siloah.
1281 5267 1416 5328 Ceterum
1439 5269 1872 5346 bereilecstFrancogsllorum
1894 5268 2027 5328 berccau.

424 5374 461 5436 V.
484 5374 598 5434 Tables
626 5373 683 5433 Dic
705 5371 904 5451 Siloahquelle
932 5393 960 5451 p.
983 5375 1020 5431 23
1043 5390 1105 5450 sqq.
1148 5367 1238 5429 Cuius
1343 5371 1415 5441 461)
1436 5371 1554 5427 multum
1569 5401 1608 5411 -
1626 5377 1669 5425 est
1686 5368 1814 5442 impleta]
1830 5368 1929 5445 Neget
1943 5368 1999 5427 hoc
2014 5369 2094 5427 'Iob-

423 5475 464 5534 rei
494 5492 611 5533 omnem
633 5470 844 5531 dubitationem
865 5470 1017 5550 expellunt
1038 5471 1127 5551 ipsius
1149 5467 1239 5527 verba
1279 5469 1358 5528 lems
1380 5467 1458 5547 I'op.
1481 5489 1508 5527 v.
1532 5467 1695 5527 Jerus.11.
1719 5469 1756 5526 20
1780 5487 1823 5546 sq.

424 5573 583 5652 scriptoris,
604 5572 654 5650 qui
675 5570 764 5628 infra:
786 5573 873 5643 ,sons
894 5569 981 5640 Siloa,
1002 5569 1103 5647 inquit,
1124 5570 1160 5625 dc
1182 5587 1238 5644 quo
1342 5570 1411 5640 462)
1434 5565 1584 5643 Iosephus]
1607 5565 1642 5650 B,
1663 5564 1694 5624 J.
1717 5565 1753 5623 V.
1777 5569 1804 5626 2.

419 5690 480 5746 per
500 5673 697 5748 aqueductum
710 5668 781 5744 fluit
803 5687 882 5743 aqua
915 5667 946 5723 in
964 5666 1154 5742 piscinam
1182 5686 1237 5723 su·
1342 5669 1413 5735 463)
1435 5666 1563 5724 Romani
1588 5698 1626 5708 -
1649 5664 1853 5738 impleuerant]
1876 5664 1964 5723 Hane
1983 5666 2093 5742 opinio-

420 5769 614 5845 periorem
635 5775 662 5824 et
684 5767 715 5823 in
736 5765 920 5823 natatoriam
943 5764 1047 5825 Silae.“
1280 5785 1346 5824 nem
1379 5771 1469 5821 totam
1491 5764 1598 5823 refellit
1619 5761 1733 5821 Toblsr
1754 5763 1811 5820 Die
1834 5760 1964 5841 Siloebq.
1985 5783 2015 5840 p.
2039 5767 2092 5822 183

487 5871 559 5936 451)
587 5865 682 5939 I'raie]
707 5865 777 5926 VII.
800 5871 825 5925 3.
1279 5866 1389 5923 -186,

488 5971 558 6041 458)
579 5966 649 6043 quia
667 5965 733 6041 ipsa
750 5998 788 6006 —
803 5963 939 6038 inferior]
962 5962 1042 6020 Dicit
1063 5962 1238 6034 inferiorem,
1344 5965 1415 6035 464)
1441 5959 1548 6017 Helius
1581 5958 1744 6033 Adrianus]
1783 5957 1885 6016 Aelius
1916 5959 2094 6020 Hadrianus.

1844 6073 1878 6122 9.
