5334 6975
1293 696 1329 758 61

477 875 653 964 appellare.
698 876 849 939 Preterea
871 896 968 960 super
989 873 1068 938 illud
1084 872 1305 950 Genesis⁴¹²):
1327 879 1500 953 „Reuersus
1521 886 1563 935 est
1577 878 1729 937 Abraham
1747 900 1806 954 per
1826 881 1924 957 ἔην’),
1947 900 2003 957 quo
2023 893 2147 940 uenerat

477 998 508 1055 ia
530 994 662 1072 Bastet‘,
684 990 763 1055 dicit
785 990 893 1075 glossa
917 991 1153 1069 leronimi⁴¹³),
1175 990 1229 1073 qui
1250 988 1357 1053 locum
1379 988 1475 1052 uidit:
1504 995 1609 1050 Belliel
1629 1003 1671 1051 est
1692 995 1799 1053 ciuitas
1821 995 1984 1054 dicodecimi
2004 997 2041 1055 ab
2063 999 2147 1055 lera-

477 1114 568 1170 ealem
600 1111 725 1187 lapidis,
754 1112 854 1169 iaceas
881 1110 912 1167 ia
934 1110 1011 1168 triba
1036 1110 1213 1181 Beniamin,
1242 1111 1285 1167 ad
1311 1110 1448 1167 dextram
1474 1108 1607 1166 euntibus
1628 1111 1794 1184 Neapolim.
1836 1105 1908 1187 Quo
1936 1118 1985 1173 est
2008 1108 2147 1191 Siohem,

477 1226 568 1288 iuxta
590 1225 729 1306 Lunam,
762 1244 824 1310 que
851 1233 899 1286 est
928 1222 962 1285 in
995 1220 1080 1285 tribu
1100 1220 1270 1307 Effraym,
1304 1232 1337 1284 et
1366 1221 1516 1305 proxima
1537 1220 1653 1285 diuisio
1675 1222 1758 1286 inter
1780 1222 1900 1287 tribum
1922 1222 2095 1288 Beniamin
2116 1237 2148 1289 et

477 1339 626 1425 Effraym
648 1340 764 1403 transit
785 1339 819 1401 in
838 1337 953 1401 medio.

601 1455 654 1519 De
676 1453 788 1519 Bethel
810 1452 852 1518 ad
873 1474 969 1517 unam
990 1451 1114 1516 leucam
1137 1465 1251 1515 eontra
1280 1451 1461 1537 aquilonem
1484 1474 1596 1517 uersus
1617 1453 1738 1533 Rama,
1771 1474 1832 1539 quc
1855 1454 1957 1518 eciam
1979 1453 2046 1518 Silo
2070 1454 2147 1517 dici·
2165 1468 2199 1520 49

481 1581 547 1651 tur,
579 1582 627 1634 est
643 1576 749 1649 palma
771 1574 915 1644 Delibera,
942 1570 1054 1632 uxoris
1076 1566 1359 1653 Lapidothb)⁴¹⁴),
1386 1589 1448 1653 que
1470 1569 1625 1633 iudicauit
1646 1567 1765 1648 lsrael,
1797 1580 1828 1631 et
1847 1569 1976 1633 Barach
1995 1572 2084 1635 misit
2105 1570 2149 1634 ad

480 1685 689 1774 pugnandum
712 1693 823 1750 contra
842 1684 986 1749 Sisaram
1008 1686 1042 1747 in
1061 1694 1168 1748 monte
1190 1681 1308 1746 Tabor.

604 1802 656 1866 De
670 1800 782 1865 Bethel
805 1800 930 1865 duabus
951 1800 1061 1882 leucis,
1083 1821 1148 1863 una
1170 1798 1210 1863 de
1232 1797 1424 1878 Ierusalem,
1447 1821 1511 1862 non
1533 1799 1627 1885 longe
1651 1800 1788 1885 aRama
1806 1799 1977 1865 Beniamin
1990 1803 2046 1876 115)
2069 1808 2148 1879 este)
2166 1819 2199 1870 50

479 1916 852 1997 Anartoin410),uiculus
875 1915 1077 1980 sacerdotum
1098 1914 1252 1994 modicus,
1275 1934 1295 1976 a
1316 1935 1380 1999 quo
1399 1914 1553 1978 Ieremias
1574 1914 1734 2001 propheta
1755 1917 1880 1980 exstitit
1902 1917 2064 1981 oriundus.

603 2033 700 2097 quta
718 2031 883 2096 Anathoth
912 2034 995 2095 inter
1024 2031 1180 2095 orientem
1207 2040 1239 2093 et
1268 2041 1413 2093 austrum
1441 2031 1557 2115 incipit
1579 2029 1739 2095 desertum
1762 2031 1860 2112 illud,
1889 2032 1975 2118 quod
1996 2043 2045 2097 est
2065 2035 2149 2097 inter
2166 2046 2196 2096 51

481 2148 657 2213 Ierusalem
685 2161 716 2213 et
738 2147 870 2212 Iericho.
914 2146 1009 2227 Quod
1036 2167 1122 2210 nunc
1149 2152 1294 2207 desertam
1320 2147 1579 2224 Quariateneflb
1608 2146 1742 2228 dicitur,
1773 2160 1804 2211 et
1833 2148 2017 2212 extenditur
2045 2170 2147 2233 usque

482 2288 582 2352 supra
605 2264 813 2349 Galgala⁴¹⁸)
835 2276 866 2327 et
888 2285 987 2349 usque
1010 2261 1052 2325 ad
1073 2261 1235 2325 desertum
1257 2272 1370 2324 contra
1393 2260 1606 2336 Teeuam⁴¹⁹)
1629 2274 1661 2326 et
1680 2262 1843 2347 Engaddi.

604 2382 701 2445 quta
728 2401 817 2444 mare
843 2392 1019 2459 mortuum,
1053 2378 1086 2441 in
1113 2376 1220 2441 littore
1247 2380 1315 2440 eius
1343 2375 1549 2458 occidentali,
1579 2377 1620 2441 de
1644 2377 1747 2463 Segor
1775 2379 1816 2443 ad
1837 2402 1933 2444 unam
1952 2379 2080 2444 leucam
2102 2392 2150 2445 est
2168 2392 2199 2443 52

483 2518 637 2561 ascensus
658 2499 774 2560 montis
797 2495 1023 2575 Enqaddi⁴²⁰),
1052 2495 1085 2557 in
1108 2514 1170 2579 quo
1192 2490 1365 2577 aliquando
1387 2493 1550 2556 inuenitur
1571 2492 1682 2557 Dauid
1703 2492 1853 2575 latuisse,
1883 2518 1955 2560 cum
1980 2495 2058 2559 Saul
2079 2518 2150 2582 per·

483 2627 669 2698 sequeretur
691 2635 771 2679 eum.

606 2727 644 2793 In
665 2728 799 2792 circuitu
820 2728 936 2790 montis
958 2723 1042 2789 illius
1065 2737 1097 2788 et
1117 2726 1241 2810 inipso
1263 2735 1333 2787 erat
1354 2723 1491 2810 quedam
1513 2730 1602 2787 uinea
1623 2726 1824 2802 ealeami⁴²¹),
1848 2726 1905 2790 sed
1926 2738 2070 2813 tempore
2084 2728 2149 2793 He·
2167 2740 2199 2791 53

483 2843 571 2908 rodis
592 2843 704 2929 Magni
727 2842 911 2929 Cleopatra,
934 2841 1046 2924 regina
1067 2838 1200 2925 Egypti,
1223 2841 1257 2902 in
1278 2838 1387 2903 odium
1408 2842 1511 2926 ipsius
1534 2839 1676 2906 Herodis
1695 2841 1824 2905 fauente
1844 2841 1986 2907 Antonio
2007 2853 2149 2907 transtu-

482 2958 519 3023 lit
540 2980 611 3024 eam
633 2961 666 3022 in
686 2957 903 3044 Babyloniam
922 2956 1120 3041 Egypti⁴²²t
1163 2954 1258 3018 Hanc
1287 2954 1435 3018 similiter
1458 2955 1543 3036 uidi,
1573 2978 1645 3020 cum
1676 2957 1837 3021 uenissem
1863 2958 1896 3020 in
1919 2956 2085 3044 Egyptum
2108 2957 2151 3021 ad

484 3073 678 3155 Saldanum,
709 3075 763 3160 qui
788 3074 864 3137 fecit
884 3094 935 3136 me
957 3070 1031 3135 duci
1051 3073 1086 3134 in
1107 3069 1210 3151 illam,
1240 3068 1331 3134 etde
1351 3070 1439 3155 ligno
1461 3069 1599 3135 balsami
1621 3071 1679 3135 tuli
1701 3074 1733 3135 in
1754 3095 1874 3158 magna
1896 3075 2092 3158 quantitate,
2120 3087 2151 3139 et

483 3190 669 3277 baptizatus
694 3190 740 3254 fui
761 3190 795 3251 in
817 3189 922 3268 sonte,
953 3187 993 3251 de
1015 3207 1078 3272 quo
1100 3187 1265 3270 irrigatur.
1308 3184 1472 3249 Dixerunt
1492 3187 1571 3250 mihi
1592 3187 1730 3252 cidtores
1752 3189 1839 3269 eius,
1868 3188 1954 3273 quod
1975 3210 1995 3252 a
2016 3189 2151 3254 meridie

485 3305 614 3371 sabbati
647 3327 747 3391 usque
775 3303 816 3369 ad
847 3303 920 3367 lune
953 3300 1037 3365 diem
1065 3301 1164 3366 boues
1192 3301 1279 3366 nullo
1307 3298 1404 3365 modo
1433 3300 1561 3366 trahere
1589 3302 1701 3368 uolunt
1723 3325 1841 3388 aquarn
1863 3306 1985 3389 ipsam,
2018 3305 2150 3369 eciarnsi

483 3424 517 3487 in
537 3422 674 3499 frustad)
698 3418 950 3486 conciderentur.

608 3537 708 3603 Ortus
729 3536 827 3600 habet
848 3537 881 3599 in
900 3535 1099 3619 longitudine
1121 3546 1273 3618 quantum
1294 3532 1345 3597 bis
1367 3545 1475 3618 potest
1496 3536 1602 3598 iacere
1625 3545 1763 3617 arcus0),
1784 3537 1819 3600 in
1840 3535 2009 3601 latitudine
2031 3538 2151 3600 iactum

483 3654 603 3742 lapidis
632 3653 682 3718 uel
713 3653 794 3738 plus.
836 3651 881 3716 Et
911 3650 1026 3715 colitur
1047 3652 1142 3714 uinea
1163 3648 1299 3713 balsami
1321 3650 1353 3711 in
1375 3648 1508 3736 Egypto
1530 3651 1592 3713 nisi
1614 3672 1634 3713 a
1656 3649 1859 3717 Christianis.
1901 3653 1946 3717 Et
1964 3655 2089 3738 rigatur
2111 3651 2151 3717 de

484 3769 742 3859 quodaml'onte,
764 3770 881 3854 inquo
907 3767 1001 3831 beata
1023 3768 1115 3850 uirgo
1138 3765 1258 3830 dicitur
1284 3786 1361 3850 sepe
1382 3787 1516 3850 puerum
1539 3765 1666 3831 ihesum
1690 3767 1883 3852 baptizasse.

610 3886 691 3948 Sunt
712 3897 820 3949 tamen
841 3882 945 3948 adhuc
967 3882 1089 3947 surculi
1111 3882 1276 3946 uinearum
1299 3880 1395 3945 ualde
1416 3879 1540 3945 nobiles
1562 3884 1595 3945 in
1616 3881 1779 3968 Engaddi,
1802 3883 1859 3948 sed
1880 3906 1944 3947 non
1967 3883 2075 3949 colunt
2097 3906 2151 3949 eos

486 4002 669 4081 sarraceni,
691 4014 722 4063 et
744 3998 922 4066 Christiani
943 4022 1007 4064 non
1030 3997 1177 4063 habitant
1196 3996 1252 4077 ibi,
1275 3998 1329 4082 qui
1352 3995 1457 4060 colere
1479 3998 1605 4081 possint
1627 4020 1691 4062 eos.

609 4115 677 4181 Sub
699 4114 853 4200 Engaddi
881 4115 973 4178 iuxta
999 4136 1088 4178 mare
1115 4124 1273 4178 mortuum
1301 4121 1375 4175 sunt
1396 4110 1530 4175 arbores
1553 4110 1782 4196 pulcherrime,
1818 4114 1875 4177 sed
1894 4115 2018 4178 fructus
2040 4136 2150 4178 earum
2168 4129 2201 4179 tt
2273 4186 2276 4190 ,

488 4232 614 4321 quando
637 4231 841 4317 discerpitur,
864 4230 950 4292 intus
971 4228 1084 4293 sauilla
1104 4241 1135 4293 et
1156 4230 1263 4293 cinere
1286 4227 1399 4312 plenus
1419 4227 1588 4290 inuenitur.

552 4431 579 4499 a)
596 4428 704 4497 pariter
721 4445 774 4497 qao
793 4425 832 4480 St.
851 4455 883 4465 -
909 4424 936 4492 1))
951 4424 1047 4495 palma
1064 4424 1174 4477 delbora
1190 4426 1285 4478 uaeris
1302 4425 1459 4494 dilapidata
1475 4441 1525 4493 qtae
1544 4424 1680 4477 imlicaait
1698 4422 1737 4477 St.
1757 4425 1855 4494 palata
1872 4427 1982 4480 catam
1999 4428 2094 4480 asora
2111 4426 2151 4480 la-

615 4511 716 4581 pidoth
736 4512 760 4563 h.
778 4541 810 4548 -—
828 4526 854 4571 c)
871 4517 909 4563 eat
926 4526 978 4563 om.
998 4507 1037 4562 St.
1057 4538 1088 4546 -
1106 4506 1135 4567 (1)
1152 4508 1264 4560 eeianai
1272 4512 1389 4577 fnestra
1408 4506 1446 4562 St.
1467 4508 1605 4575 infriata
1623 4506 1649 4559 h.
1667 4537 1698 4544 —
1718 4513 1743 4573 e)
1761 4526 1842 4562 arena
1860 4525 1913 4563 om.
1931 4508 1980 4576 St,
1999 4509 2083 4564 habet
2100 4509 2127 4564 h.

553 4702 622 4773 412)
645 4718 735 4773 super
754 4699 830 4755 illud
851 4695 983 4770 Genesis]
1006 4694 1097 4754 Xlll.
1120 4699 1147 4756 3.
1402 4698 1473 4768 418)
1494 4716 1588 4772 supra
1604 4697 1745 4772 Galqala]
1768 4697 1888 4776 antiqua
1908 4695 2017 4776 Gilgal,
2043 4705 2077 4758 to
2094 4708 2150 4757 sta·

550 4802 621 4871 413)
641 4799 741 4874 plasea
768 4795 918 4870 leronimi]
943 4795 980 4854 V.
1002 4793 1176 4873 Hieronymi
1208 4813 1298 4873 opera
1339 4792 1388 4852 dia
1407 4794 1545 4854 orientem
1566 4815 1666 4855 versus
1688 4795 1868 4856 Hiericunte.
1919 4814 1921 4820 ·

485 4896 565 5055 {dila
592 4894 728 5008 Ff²¹¹⁰⁰fi
757 4905 786 4953 ‘³‘
806 4893 888 4972 Lips·
914 4894 1002 5005 ²1,ss
1029 4914 1056 4972 p·
1083 4897 1138 4952 ¹76
1157 4893 1193 4955 A'
1237 4891 1297 4953 sed
1400 4948 1471 5017 419)
1493 4954 1598 5003 contra
1620 4947 1754 5021 Teanum]
1778 4946 1882 5006 Tecoa
1900 4948 2029 5027 antiqua,
2050 4966 2152 5007 recens

506 4995 565 5054 aud
586 5014 646 5053 scio
668 5014 706 5052 an
728 4992 806 5051 hunc
826 4992 921 5051 locum
944 4992 1022 5051 dicat
1042 4990 1236 5053 Burchardus.
1340 5040 1465 5102 Tekff&

548 5096 618 5165 414)
631 5096 737 5167 palma
759 5092 892 5151 Debbore
914 5091 1017 5150 uxoris
1039 5091 1197 5167 Lepidotlt]
1220 5092 1297 5149 Deb-

486 5195 558 5252 boro
580 5212 633 5271 pro
654 5192 775 5250 Debora
797 5192 884 5250 etitun
904 5191 935 5250 in
957 5189 1045 5268 Vulg.
1068 5190 1220 5251 invenitur.
1261 5189 1298 5249 V.
1402 5196 1473 5265 420)
1495 5195 1599 5252 montis
1613 5194 1762 5270 Enqaddr]
1784 5193 1914 5253 Mentem
1928 5194 2152 5272 EngaddiBur·

485 5291 620 5352 Indicum
639 5288 694 5349 IV.
717 5297 743 5350 4.
765 5295 791 5350 t.
1341 5287 1464 5349 ahardus
1491 5311 1556 5350 cum
1582 5302 1699 5353 recente
1721 5291 1788 5350 'Ain
1808 5291 1931 5352 Dschidi
1953 5314 2012 5352 non
2034 5314 2150 5374 compo·

549 5394 620 5463 415)
641 5390 739 5447 Rama
761 5387 928 5462 Beniamin]
950 5386 986 5448 V.
1007 5408 1035 5449 v.
1052 5388 1180 5449 Raumer
1195 5410 1223 5468 p.
1241 5393 1297 5448 197
1342 5386 1391 5447 nit.
1435 5386 1480 5447 Of.
1505 5411 1532 5448 v.
1553 5390 1681 5450 Raumer
1703 5412 1731 5471 p.
1753 5395 1822 5451 202.
1864 5389 1910 5452 cf.
1930 5392 1987 5453 IX.
2012 5398 2056 5454 12.

487 5509 564 5549 ”⁰¹¹¹-
589 5493 656 5548 147·
705 5521 711 5534 ’
1404 5541 1474 5611 421)
1497 5539 1583 5596 uinea
1611 5540 1742 5615 balsami]
1775 5538 1812 5605 V.
1838 5540 1991 5602 Robinson
2019 5542 2084 5600 Pal.
2110 5542 2150 5600 II.

548 5580 1036 5698 4161ΑΜ110111ψΜ1ΑΠ111
1063 5595 1122 5658 θεῖ’
1149 5606 1236 5665 quam
1256 5596 1298 5645 ta.
1341 5640 1399 5696 537
1421 5645 1480 5699 not.
1523 5638 1642 5717 Iosephi
1662 5641 1731 5698 Ant.
1751 5638 1858 5700 XV.4
1899 5645 1964 5700 l.2
2016 5640 2151 5719 Denique

486 5706 553 5747 men
583 5683 769 5744 Barchardus
798 5683 894 5743 dicere
923 5705 983 5742 non
1008 5684 1129 5744 videtur.
1179 5685 1214 5744 V.
1241 5707 1299 5745 van
1339 5753 1398 5792 von
1418 5734 1547 5796 &umor
1568 5758 1595 5815 p.
1619 5740 1655 5798 87
1679 5745 1739 5797 noh
1761 5742 1807 5798 13·
1867 5685 1874 5712 ’
1967 5689 1973 5702 '

488 5784 524 5845 de
547 5784 642 5844 Velde
664 5803 748 5841 mem.
771 5804 799 5861 p.
822 5786 890 5855 tet,
912 5804 938 5842 ν.
960 5782 1087 5842 Renum
1109 5805 1136 5862 p.
1160 5787 1224 5843 154.

547 5889 617 5957 417)
645 5885 790 5941 desertum
822 5882 1020 5956 Quariatene]
1053 5881 1090 5940 V.
1118 5903 1144 5939 v.
1172 5881 1301 5943 Raumer
1404 5888 1473 5957 422)
1496 5887 1690 5963 Babyloniam
1717 5885 1836 5962 quptr]
1869 5884 1914 5945 cf.
1940 5886 2018 5965 Mag.
2049 5886 2150 5950 Thiet-

488 6002 515 6061 p.
540 5987 576 6043 52
598 5991 657 6042 not.
684 5986 773 6042 ttsa.
1341 5984 1412 6042 mari
1433 6003 1545 6063 peregi.
1566 6005 1595 6064 p.
1619 5989 1655 6045 34
1680 6004 1704 6044 c.
1723 5984 1798 6044 XII.
