5334 6975
1292 703 1349 763 139

484 873 573 937 mina
594 870 744 955 Herodis,
767 876 915 961 quicum
937 889 1125 963 persecutus
1148 877 1223 941 est?
1255 878 1364 960 Pilati,
1386 879 1479 943 Anne
1501 891 1532 945 et
1556 880 1708 967 Cayphe,
1731 884 1878 968 quicum
1902 882 2155 947 erucifixerunt?

484 996 516 1051 et
532 986 630 1069 Iade,
660 991 715 1075 qui
736 989 896 1076 prodidit,
924 1003 955 1056 et
976 994 1079 1076 Petri,
1109 995 1162 1079 qui
1184 996 1317 1079 negauit
1337 996 1434 1059 eum‘?
1464 996 1619 1060 Preterea
1646 997 1721 1061 talis
1744 999 1883 1062 mutacio
1907 1009 1962 1061 aut
1984 1002 2155 1085 corrupcio
2174 1008 2205 1059 ²3
2253 1043 2256 1052 .

485 1102 646 1189 euangelii
668 1115 723 1168 aut
744 1106 804 1171 fuit
826 1108 969 1188 occulta,
997 1120 1029 1174 et
1050 1122 1126 1173 tunc
1147 1132 1211 1173 non
1233 1112 1337 1195 potuit
1359 1133 1430 1175 esse
1452 1111 1629 1197 generalis,
1658 1122 1690 1176 et
1711 1124 1891 1177 remaneret
1914 1115 2035 1178 veritas
2058 1138 2154 1179 euan-

481 1218 558 1305 gelii
579 1220 613 1283 in
634 1220 743 1306 aliqua
764 1226 1014 1308 prouinciarum,
1036 1235 1091 1289 aut
1113 1225 1173 1288 fuit
1195 1225 1357 1309 generalis
1381 1238 1412 1290 et
1434 1228 1625 1308 manifesta,
1649 1239 1680 1292 et
1702 1239 1777 1292 tunc
1799 1251 1863 1293 non
1884 1233 1989 1315 potuit
2011 1252 2082 1293 esse
2104 1252 2154 1294 oc·

481 1334 569 1400 culta
599 1346 630 1399 et
657 1336 788 1402 eredita.
837 1338 990 1404 Preterea
1017 1342 1045 1403 si
1073 1339 1245 1404 Sarraceni
1273 1342 1394 1423 sciunt,
1428 1341 1526 1427 quod¹
1549 1354 1627 1430 aput
1658 1366 1768 1408 omnes
1791 1343 1996 1409 Christianos
2024 1348 2056 1408 in
2090 1356 2155 1410 toto
2174 1359 2206 1408 24

481 1450 601 1516 mundo
629 1462 679 1516 est
710 1454 915 1539 euangelium
947 1465 1133 1542 corruptum
1160 1466 1191 1520 et
1219 1467 1392 1537 mutatum,
1427 1457 1599 1522 ostendant
1621 1458 1715 1523 nobis
1739 1471 1818 1546 aput
1840 1461 1929 1546 ipsos
1952 1460 2153 1545 euangelium

482 1567 652 1653 integrum.
696 1568 780 1632 Nam
802 1571 886 1633 etin
909 1570 1052 1635 Baldaco
1073 1581 1104 1635 et
1125 1574 1158 1635 in
1181 1570 1454 1649 Meccis²⁰⁰)fnit
1476 1573 1618 1637 studium
1641 1574 1851 1662 abantiquo,
1882 1575 1938 1639 vbi
1960 1579 1992 1640 in
2013 1576 2155 1640 archiuis
2173 1588 2205 1637 tt

483 1681 737 1748 sarracenorum
759 1685 835 1749 libri
858 1688 1073 1773 antiquissimi
1096 1688 1301 1773 reperiuntur
1324 1698 1356 1751 et
1379 1700 1628 1771 conseruantur,
1657 1714 1737 1777 quos
1759 1690 1853 1755 nobis
1876 1692 2103 1772 ostendebant,
2125 1709 2155 1756 et

481 1808 590 1863 tamen
615 1822 787 1887 numquam
811 1812 981 1887 potuerunt
1002 1801 1095 1866 nobis
1119 1802 1288 1867 ostendere
1309 1802 1398 1867 aliud
1419 1804 1623 1891 euangelium
1644 1807 1707 1870 nisi
1724 1808 1805 1870 sicut
1823 1818 1871 1871 cst
1888 1821 1967 1893 aput
1982 1831 2048 1874 nos.
2083 1808 2205 1872 Hecto

482 1916 601 1997 eciam,
635 1917 720 2002 quod
744 1918 916 1981 Sarraceni
946 1918 1057 1982 dicunt
1078 1918 1119 1981 de
1141 1918 1309 2003 euangelio
1332 1930 1363 1983 et
1385 1920 1568 2006 prophetis,
1596 1921 1681 2007 quod
1702 1923 1765 1986 sint
1788 1936 1941 2008 corrupta
1963 1933 2042 2009 aput
2064 1923 2154 1988 Chri-

482 2032 604 2095 stianos
628 2041 659 2095 et
680 2031 813 2113 Iudeos,
837 2042 885 2096 est
908 2055 1063 2119 expresse
1085 2044 1198 2098 contra
1220 2033 1324 2120 legem
1348 2056 1470 2098 eorum.
1514 2036 1595 2099 Nam
1618 2036 1841 2102 Machometus
1863 2036 1943 2101 dicit
1965 2039 2155 2103 Sarraccnis
2174 2055 2204 2105 tt

481 2147 516 2211 in
537 2147 706 2212 alcorano:
739 2147 797 2229 „si
819 2149 941 2212 oriatur
963 2149 1071 2236 aliqua
1092 2148 1256 2214 dubitacie
1279 2159 1359 2236 aput
1381 2173 1454 2230 vos,
1487 2154 1629 2236 queratis
1651 2152 1692 2216 ab
1716 2151 1795 2235 illis,
1829 2155 1883 2239 qui
1906 2155 1998 2239 prius
2027 2177 2154 2241 recepe·

481 2273 556 2326 runt
577 2262 705 2345 librum,
725 2263 847 2328 scilicet
869 2263 1063 2329 Christianis
1084 2274 1116 2328 et
1136 2264 1274 2328 Iudeis.“
1316 2265 1360 2329 Et
1383 2278 1497 2352 postea
1521 2267 1607 2348 dicit,
1631 2268 1716 2354 quod
1737 2269 1828 2334 Deus
1850 2269 1943 2334 dicit:
1964 2270 2052 2351 „Nos
2075 2273 2155 2334 veri·
2174 2283 2205 2333 2*

480 2388 580 2442 tatem
610 2381 872 2443 conseruauimus
903 2390 934 2443 et
964 2379 1226 2444 conseruabimus
1250 2392 1328 2467 aput
1353 2384 1439 2445 eos.“
1482 2383 1554 2446 Hoc
1576 2394 1677 2446 totum
1709 2384 1845 2447 indicari
1871 2384 1982 2448 dicunt
2003 2385 2155 2450 alcorano
2173 2402 2206 2452 to

483 2516 525 2559 cx
551 2518 606 2560 ore
626 2495 706 2577 Dei,
741 2519 817 2581 ergo
836 2496 1056 2561 Machometus
1083 2497 1223 2559 mitteret
1252 2519 1305 2560 eos
1336 2496 1379 2561 ad
1401 2511 1553 2584 corrupta
1575 2499 1803 2585 exemplaria?
1837 2500 1881 2564 Et
1908 2501 2030 2565 faciunt
2052 2504 2154 2566 ccianr
2173 2518 2206 2567 ao

482 2610 590 2675 Deum
612 2611 815 2693 mendacem,
846 2614 872 2675 si
900 2633 964 2676 non
986 2614 1129 2676 seruauit
1151 2613 1320 2676 veritatem
1344 2636 1434 2677 suam
1465 2615 1499 2676 in
1521 2613 1613 2678 libris
1636 2613 1894 2680 Christianorum
1916 2628 1947 2680 et
1971 2616 2154 2699 Iudcorum,

483 2727 566 2791 sicut
588 2726 682 2790 dixit.

605 2843 677 2907 Hec
702 2842 762 2906 sub
795 2842 954 2907 breuitate
989 2855 1019 2906 et
1048 2845 1141 2929 quasi
1170 2857 1278 2928 preter
1300 2847 1503 2930 propositum
1527 2845 1685 2925 diximus,
1718 2856 1753 2909 vt
1780 2845 1929 2910 daremus
1952 2851 2154 2912 occasionem
2173 2871 2202 2920 31

483 2959 660 3025 maioribus
684 2958 847 3022 efficacius
870 2958 1083 3046 impugnandi
1103 2957 1206 3043 legem
1227 2968 1315 3022 tante
1336 2960 1422 3024 fidei.

730 3147 872 3220 XXXV.
916 3157 1043 3236 QUOD
1067 3157 1158 3220 LEX
1181 3156 1543 3223 SARRACENORUM
1564 3157 1649 3221 EST
1672 3158 1908 3222 vloLENTA.

606 3307 706 3372 Sexto
729 3318 761 3371 et
781 3306 893 3370 vltimo
915 3306 1080 3370 sciendum
1103 3321 1169 3388 est,
1202 3305 1287 3392 quod
1308 3304 1362 3369 lex
1386 3305 1640 3371 Sarracenorum
1664 3317 1712 3369 est
1733 3307 1872 3371 violenta
1903 3320 1933 3371 et
1956 3331 2014 3394 per
2035 3310 2183 3374 violer-1

483 3425 565 3489 ciam
592 3422 786 3487 introducta.
829 3422 922 3486 Vnde
946 3434 1025 3509 aput
1046 3424 1135 3509 ipsos
1158 3422 1371 3486 certissimum
1394 3433 1458 3503 est,
1488 3423 1574 3509 quod
1600 3422 1653 3487 lex
1681 3424 1753 3510 ipsa
1775 3421 1876 3486 solum
1899 3422 2031 3487 durabit
2054 3439 2187 3513 quan-2

481 3553 548 3606 tum
571 3540 703 3605 durabit
724 3552 802 3625 aput
824 3561 877 3603 eos
900 3540 1037 3604 victoria
1059 3541 1153 3604 ensis.
1196 3539 1280 3602 Nam
1302 3540 1366 3625 ipsi
1388 3540 1474 3603 omni
1498 3542 1578 3603 feria
1601 3551 1693 3603 sexta
1716 3538 1794 3603 hora
1814 3562 1900 3603 nona
1915 3553 2152 3627 congregantur
2170 3554 2185 3601 3

482 3658 525 3723 sd
546 3658 730 3722 oracionem
752 3666 783 3718 et
805 3656 1044 3741 exposicionem
1067 3655 1157 3741 legis.
1200 3655 1265 3719 Sed
1290 3668 1462 3741 antequam
1484 3655 1670 3741 predicator
1700 3656 1850 3741 incipiat,
1880 3656 2022 3720 extrahit
2043 3671 2185 3722 ensemt

482 3784 514 3839 et
533 3775 625 3860 ponit
648 3773 854 3857 enaginatum
876 3772 909 3834 in
931 3769 1000 3835 loco
1022 3773 1188 3852 eminenti,
1211 3781 1245 3835 vt
1267 3770 1309 3834 ab
1333 3771 1480 3835 omnibus
1501 3771 1670 3852 videatur,
1693 3772 1726 3833 iu
1748 3772 1884 3856 signurrr,
1908 3771 1993 3856 quod
2016 3796 2074 3858 per
2099 3798 2150 3838 en·

483 3912 549 3954 sem
579 3889 699 3975 incepit
727 3886 780 3950 lex
806 3886 862 3950 illa
890 3897 921 3949 et
950 3909 1008 3972 per
1030 3909 1138 3950 ensem
1159 3885 1394 3951 terminabitur.
1438 3888 1524 3951 Sanc
1545 3889 1609 3972 ipsi
1631 3886 1712 3950 l'also
1735 3909 1792 3950 suo
1816 3887 1974 3972 prophete
1998 3900 2185 3973 arrogante

482 4005 582 4070 multa
603 4002 774 4082 miracula,
805 4001 926 4065 scilicet
945 4002 1031 4086 quod
1053 4004 1124 4088 ipse
1144 4003 1241 4087 fregit
1262 4002 1370 4066 lunam
1394 4012 1424 4066 et
1446 4004 1673 4088 reintegranit,
1708 4013 1738 4066 ct
1763 4000 1848 4087 quod
1870 4000 1945 4065 luna
1967 4003 2102 4067 intrauit
2124 4005 2153 4067 ei

482 4142 541 4207 per
562 4122 740 4198 manicam,
775 4129 805 4180 et
828 4117 913 4203 quod
935 4116 1057 4180 camela
1080 4119 1108 4180 ei
1131 4117 1238 4181 locuta
1261 4129 1323 4197 est,
1358 4129 1389 4180 et
1417 4117 1503 4204 quod
1528 4121 1598 4204 ipse
1627 4117 1771 4182 ascendit
1794 4139 1892 4201 super
1915 4118 2076 4201 quandam
2099 4118 2152 4183 be-

480 4237 576 4300 stiam
598 4236 753 4299 minorem
776 4231 862 4296 mulo
885 4243 916 4295 et
938 4234 1094 4296 maiorem
1117 4234 1222 4305 asino,
1252 4243 1283 4295 et
1309 4255 1425 4295 nomen
1453 4231 1555 4296 bestie
1576 4233 1782 4305 elteraca210)
1790 4280 1799 4310 ,
1831 4242 1862 4294 et
1888 4233 1948 4294 iuit
1973 4255 2071 4318 super
2100 4233 2150 4298 be·

482 4352 578 4416 stiam
608 4349 696 4414 illam
726 4371 828 4434 usque
858 4347 900 4411 ad
931 4347 1077 4411 ultimum
1108 4347 1211 4411 celum
1241 4349 1273 4410 in
1302 4348 1419 4411 minori
1442 4350 1552 4433 spacio
1580 4370 1677 4434 quam
1706 4348 1740 4410 in
1761 4348 1827 4410 ictu
1851 4347 1944 4411 oculi.
1987 4347 2029 4411 Et
2052 4349 2097 4413 ibi
2119 4352 2185 4414 int

481 4465 548 4531 celo
570 4466 756 4551 impetrauit
776 4465 921 4548 graciam
945 4463 1073 4526 cuidam
1096 4462 1228 4548 angelo,
1262 4465 1317 4550 qui
1344 4463 1443 4527 flebat
1465 4471 1598 4550 peccata
1622 4484 1691 4526 sua.
1735 4461 1800 4541 Qui
1822 4462 1956 4547 angelus
1979 4473 2027 4527 est
2050 4467 2185 4530 niciort

480 4604 576 4668 quam
602 4591 704 4645 totum
731 4582 918 4643 uniuersum
945 4591 1072 4640 centum
1099 4578 1242 4658 vicibus3
1275 4591 1306 4641 ct
1335 4578 1436 4642 multa
1464 4579 1557 4657 talia,
1588 4601 1650 4665 que
1683 4580 1789 4642 onmia
1817 4590 1890 4641 sunt
1912 4591 2024 4643 contra
2046 4582 2152 4666 ipsum

481 4696 668 4762 alcoranum
691 4716 820 4776 eorum,
843 4696 898 4781 qui
921 4694 1014 4774 dicit,
1038 4694 1122 4780 quod
1145 4695 1237 4759 Deus
1261 4695 1345 4757 dixit
1365 4695 1583 4760 Machometo:
1612 4694 1710 4775 „ldeo
1733 4718 1798 4758 non
1821 4696 1971 4780 permitto
1993 4708 2024 4758 te
2045 4698 2152 4761 facere

480 4811 686 4892 miraculum,
709 4811 783 4896 quia
806 4811 880 4881 seio,
904 4810 991 4895 quod
1013 4810 1070 4873 tibi
1094 4834 1158 4875 non
1182 4811 1369 4890 credcreut3
1401 4810 1458 4874 sed
1478 4810 1563 4875 dabo
1585 4809 1644 4874 tibi
1668 4832 1795 4888 ensem,
1824 4821 1858 4872 vt
1880 4833 1938 4895 per
1959 4810 2151 4876 violenciam

480 4950 534 4993 coa
565 4949 664 5012 cogas
693 4925 855 4989 crederc.“
900 4925 964 4989 Sed
987 4925 1147 5011 quomodo
1171 4928 1199 4989 ei
1222 4950 1287 4990 non
1310 4925 1495 5007 crederent,
1525 4927 1551 4988 si
1579 4926 1701 4989 faceret
1723 4924 1929 5000 miraculum,
1958 4929 2011 5011 qui
2033 4930 2062 4990 ei
2084 4930 2184 4995 sines

479 5042 586 5131 aliquo
610 5040 765 5106 miraculo
787 5039 1015 5104 crediderunt?
1045 5051 1076 5104 et
1104 5040 1207 5126 legem
1234 5052 1321 5105 tante
1351 5041 1485 5127 perfidie
1507 5041 1721 5127 receperunt?
1752 5043 1825 5128 lpse
1845 5043 1946 5105 eciam
1969 5040 2184 5110 Machoures

478 5175 530 5224 tus
552 5161 585 5222 in
608 5160 760 5221 alcorano
784 5156 947 5242 prohibet,
980 5181 1020 5220 nc
1052 5157 1091 5220 de
1120 5179 1157 5220 eo
1188 5156 1339 5220 credatur
1367 5159 1429 5220 nisi
1453 5156 1538 5241 quod
1558 5158 1592 5219 iu
1614 5156 1766 5220 alcorano
1789 5162 1945 5243 scriptum
1968 5168 2030 5238 cst,
2065 5169 2097 5222 et
2118 5161 2151 5223 in

478 5274 630 5339 alcorano
652 5273 707 5337 illa
730 5271 885 5335 miracula
908 5296 971 5336 non
994 5285 1067 5336 sunt
1091 5273 1221 5358 scripta.
1266 5272 1387 5336 Scribit
1410 5286 1516 5336 tamen
1540 5272 1603 5336 duo
1627 5276 1719 5357 signa
1743 5273 1792 5336 vel
1816 5283 2015 5357 argumenta,
2037 5296 2099 5359 que
2120 5286 2151 5338 et
2173 5290 2201 5337 to

478 5392 542 5477 ipsi
565 5391 736 5455 Sarraceni
760 5396 912 5474 reputant
935 5388 1206 5452 sufficientissima
1229 5387 1271 5451 ad
1291 5387 1511 5473 probandum,
1545 5387 1631 5474 quod
1660 5386 1829 5451 alcoranus
1855 5391 1896 5450 sit
1929 5409 2011 5473 opus
2034 5390 2099 5452 Dei
2120 5404 2150 5453 et

540 5592 743 5662 nemetensis
767 5588 803 5648 G.
1335 5599 1544 5657 memoratum,
1573 5609 1631 5666 quo
1650 5587 1873 5646 Muhammedes
1901 5608 1937 5647 ex
1960 5589 2069 5667 templo
2091 5588 2151 5647 hie-

1335 5689 1544 5766 rosolymitano
1567 5688 1596 5744 in
1620 5687 1734 5745 coelum
1756 5696 1874 5744 evectus
1896 5686 2035 5762 tingatur,
2059 5688 2149 5766 quod-

1335 5806 1392 5866 que
1419 5786 1502 5844 molis
1523 5795 1610 5864 atque
1640 5785 1751 5843 formae
1780 5785 1871 5842 fuisse
1892 5786 1966 5842 iuter
1987 5786 2100 5843 aninum
2122 5797 2150 5846 et

1335 5887 1445 5943 mulum
1470 5889 1640 5962 interpretes
1663 5882 1782 5940 addunt.

541 5728 613 5797 210)
635 5723 690 5779 Est
708 5722 789 5781 arab.
805 5705 926 5852 still
948 5721 1078 5779 elburulr.
1115 5720 1292 5779 Mordtman·

477 5875 533 5912 nus
563 5855 690 5912 coriferrr'
719 5854 797 5913 iubet
820 5854 960 5930 Freitagii
989 5853 1103 5910 lexicon
1135 5874 1157 5912 s.
1185 5876 1210 5914 v.
1242 5853 1292 5911 do·

478 5973 564 6027 cens,
605 5974 670 6012 esse
706 5953 814 6011 animal
850 5973 902 6011 seu
933 5953 1089 6010 iumentum
1119 5954 1147 6009 in
1177 5950 1292 6010 Corano

1887 6061 1932 6112 18⁸
