5334 6975
1331 678 1370 739 50

515 869 546 923 et
566 857 754 938 Iordanen),
789 857 831 922 ab
865 869 975 922 austro
1002 863 1143 934 montet)
1165 855 1314 941 Effraym
1343 866 1374 919 et
1397 855 1559 935 Samaria,
1592 853 1634 918 ab
1664 854 1830 919 occidente
1858 858 1976 945 partim
2002 867 2111 922 monte
2132 857 2189 922 Es·

515 976 621 1060 fraym
629 983 669 1054 ο1,
698 974 816 1060 partim
846 983 954 1037 monte
976 972 1137 1053 Carmelo,
1172 972 1213 1037 ab
1243 970 1393 1058 aquilone
1424 970 1586 1034 montibus
1611 970 1765 1035 Phenicie
1795 982 1826 1035 et
1845 971 1981 1036 Libano.
2029 971 2073 1036 Et
2100 972 2189 1037 uide·

515 1096 600 1162 tura)
628 1089 747 1154 habere
773 1110 907 1175 campus
934 1091 995 1153 iste
1023 1091 1057 1153 in
1077 1087 1278 1174 longitudine
1300 1087 1332 1150 X
1354 1085 1561 1167 leucosiam,
1590 1087 1624 1149 in
1646 1086 1814 1150 latitudine
1836 1087 1880 1150 Vl
1902 1086 1955 1151 uel
1977 1088 2131 1175 amplius3
2155 1090 2191 1153 in

514 1205 663 1292 partibus
684 1203 847 1291 aliquibus
869 1205 984 1269 fertilis
1008 1227 1108 1290 supra
1128 1204 1259 1269 modum
1280 1205 1315 1266 in
1335 1203 1506 1282 frumento,
1529 1203 1637 1279 uin00)
1659 1212 1691 1266 et
1711 1202 1791 1283 oleo,
1814 1214 1846 1267 et
1867 1202 2061 1268 habundans
2083 1206 2185 1269 omni·

514 1320 573 1384 bus
601 1320 696 1384 bonis
725 1319 851 1401 mundi,
881 1321 928 1384 ita
958 1320 1045 1406 quod
1064 1320 1193 1383 uidetur
1225 1318 1324 1399 mihi,
1353 1317 1439 1404 quod
1469 1327 1591 1382 terram
1619 1340 1684 1383 non
1716 1317 1854 1383 uiderim
1876 1319 2056 1402 meliorem,
2086 1321 2114 1385 si
2134 1319 2189 1386 de·

513 1436 636 1500 meritis
659 1446 690 1499 et
712 1436 999 1523 peccatisnostris
1021 1458 1085 1500 non
1106 1433 1358 1521 impedientibus
1380 1456 1451 1498 eam
1473 1444 1605 1519 possent
1626 1435 1763 1512 coleres)
1784 1433 1970 1500 Christiani.

479 1570 493 1617 5
637 1567 690 1632 De
712 1579 820 1632 monte
833 1567 927 1653 ann
956 1578 1069 1632 contra
1099 1568 1255 1631 orientem
1283 1564 1409 1631 duabus
1431 1563 1529 1628 leucis
1553 1575 1584 1628 et
1602 1567 1740 1653 amplius
1763 1566 1870 1630 casale
1887 1568 2112 1646 Mortuum)
2129 1577 2190 1651 est,

512 1684 545 1746 in
568 1693 712 1747 torrente
734 1683 844 1764 Cison,
866 1705 924 1769 per
944 1706 1042 1747 unam
1063 1682 1190 1747 leucam
1213 1705 1233 1747 a
1255 1682 1475 1768 pedemontis
1498 1681 1653 1746 Hermon.

479 1833 494 1878 u
637 1813 689 1878 De
709 1814 841 1879 Moscha
867 1836 964 1879 unam
986 1814 1110 1878 leucam
1134 1825 1247 1879 contra
1269 1823 1414 1877 austrum
1437 1822 1486 1877 est
1506 1813 1683 1891 castellum,
1705 1813 1792 1901 quod
1814 1814 1932 1879 dicitur
1948 1819 2035 1877 Faba
2048 1814 2121 1896 3’1));
2145 1815 2189 1880 ad

512 1931 604 1994 cuius
639 1929 723 1994 latus
754 1930 953 1994 occidentale
982 1944 1076 1994 extra
1098 1930 1184 1994 uiam
1196 1979 1204 2011 ,
1240 1951 1301 2015 quc
1327 1927 1416 1992 (lucit
1435 1928 1594 2009 Iesrahel,
1626 1928 1667 1992 ad
1689 1928 1837 1994 dextram
1859 1930 2072 1996 ostenduntur
2094 1932 2189 1997 ruine

512 2045 654 2110 ciuitatis
675 2046 882 2128 Afecth)³'²¹),
906 2058 1061 2133 quantum
1084 2056 1133 2110 ter
1155 2053 1261 2131 potest
1280 2045 1387 2108 iacere
1408 2067 1520 2126 arcura,
1540 2055 1635 2108 extra
1656 2048 1756 2126 uiam,
1784 2045 1839 2109 ubi
1863 2045 1939 2131 Syri
1962 2059 2191 2132 pugnauerunt

512 2175 625 2226 contra
646 2161 778 2243 Achab,
806 2184 916 2246 regom
937 2161 1058 2243 Israel,
1087 2160 1215 2247 quando
1238 2160 1405 2224 ‹llxcruntt
1440 2164 1512 2235 „Dii
1543 2165 1684 2221 monetam
1713 2175 1781 2222 ararit
1801 2165 1845 2222 uit
1873 2185 1991 2226 eoram:
2020 2186 2188 2244 preparemus

514 2301 577 2339 cum
600 2282 640 2339 eis
663 2282 693 2338 ia
714 2282 860 2339 uallibus“
874 2278 941 2352 ³¹²²),

634 2409 686 2472 De
708 2407 811 2472 Afoch
834 2407 877 2472 ad
899 2433 995 2473 unam
1017 2409 1141 2473 leucam
1164 2408 1205 2471 acl
1228 2409 1401 2489 orientem,
1431 2406 1474 2471 ad
1493 2408 1656 2471 sinistram
1678 2418 1770 2472 extra
1793 2411 1896 2490 uiam,
1928 2431 1989 2494 que
2012 2409 2100 2474 ducit
2120 2410 2188 2476 les-

511 2524 616 2605 rahel,
648 2526 683 2589 in
704 2524 805 2589 latere
826 2525 961 2589 australi
984 2528 1101 2589 montis
1123 2523 1337 2599 Hermontto
1359 2525 1474 2588 ciuitas
1497 2524 1676 2602 Sarraurl'li)
1699 2526 1894 2607 ostenditur,
1925 2526 1984 2601 in¹)
2006 2548 2104 2611 quam
2125 2525 2189 2590 fre·

511 2654 645 2727 quanter
667 2642 714 2704 ire
737 2639 862 2704 solebat
882 2639 1078 2720 Heliseust),
1102 2638 1225 2703 uadens
1248 2638 1287 2702 dc
1310 2638 1459 2704 Carmolo
1482 2640 1524 2704 ad
1546 2639 1688 2723 Galgala
1710 2640 1759 2703 uel
1775 2640 1956 2705 Iordanem.
1999 2640 2082 2705 Erat
2101 2644 2188 2706 enirn

509 2756 566 2820 illa
587 2756 715 2843 planior
737 2758 791 2820 uia
811 2757 898 2820 eunti
918 2757 951 2819 in
970 2755 1111 2836 Iericho,
1139 2754 1195 2818 ubi
1214 2777 1287 2818 cum
1309 2754 1384 2819 tiliis
1407 2755 1638 2842 prophetarum
1663 2755 1871 2836 morabatur,
1897 2755 2020 2822 uadens
2042 2756 2082 2822 do
2105 2756 2187 2824 Car-

511 2871 593 2936 mclo
623 2894 682 2957 per
705 2871 826 2935 Sanam
856 2873 889 2935 in
913 2870 1057 2936 Bethsan
1084 2883 1116 2934 ct
1145 2869 1221 2934 inde
1247 2894 1305 2955 pcr
1326 2872 1522 2957 campestria
1542 2869 1690 2934 Iordanis
1713 2894 1815 2957 usquo
1837 2871 1879 2935 ad
1901 2871 2048 2956 Galgala.
2092 2872 2189 2937 Unde

512 2998 542 3051 et
561 2987 619 3050 IV.
641 2986 834 3071 Regum³²⁵>
856 2986 984 3068 dicitur,
1007 2987 1166 3071 quia³²⁶)‚
1199 3009 1271 3050 cum
1294 2986 1391 3050 uellet
1410 2988 1457 3051 iro
1478 2985 1520 3052 ad
1541 2986 1728 3067 Iordanem,
1759 2987 1930 3073 oportebat
1952 3009 2024 3052 eum
2046 2990 2188 3053 transire

511 3125 569 3189 per
594 3101 731 3184 Sanam,
762 3113 792 3167 ct
813 3104 875 3167 hac
897 3104 1067 3168 occasione
1093 3125 1163 3165 eam
1189 3100 1423 3189 licquentabat.
1467 3101 1519 3165 De
1546 3102 1618 3187 ipsa
1648 3104 1749 3165 eciam
1777 3104 1908 3167 ciuitate
1937 3104 2049 3168 eadem
2072 3104 2190 3169 mulier

513 3230 638 3283 mortuo
661 3218 726 3284 filio
750 3243 806 3284 suo
829 3221 917 3283 uenit
938 3218 981 3283 ad
1003 3241 1075 3282 euru
1097 3219 1130 3281 in
1152 3229 1292 3282 montem
1311 3216 1463 3299 Carmeli,
1486 3218 1540 3302 qui
1562 3218 1660 3282 distat
1682 3242 1739 3303 per
1760 3231 1897 3302 quatuor
1919 3219 2029 3284 leucas
2054 3219 2188 3286 deloco

509 3335 581 3400 isto.
624 3334 731 3400 Huius
760 3335 862 3400 filium
881 3333 1032 3398 Heliseus
1056 3334 1233 3397 suscitauit.
1277 3332 1326 3397 lbi
1352 3345 1460 3397 castra
1490 3335 1601 3398 metati
1629 3345 1702 3398 sunt
1731 3334 1925 3417 Philistiim,
1954 3335 2084 3423 quando
2108 3335 2189 3400 Saul

510 3451 598 3514 uenit
620 3451 653 3514 in
674 3449 805 3517 Gelboe.
847 3450 899 3515 De
920 3451 983 3514 ista
1006 3449 1136 3514 ciuitate
1157 3448 1278 3514 Sanam
1300 3447 1360 3513 luit
1382 3448 1526 3513 Abisach
1548 3448 1744 3531 Sunamitis,
1768 3473 1828 3538 que
1851 3473 1960 3516 senem
1984 3472 2095 3538 regern
2119 3451 2189 3517 Da·

513 3565 620 3629 uidem
643 3566 787 3630 calefecit
807 3565 970 3630 dormiens
990 3566 1024 3629 in
1047 3566 1117 3629 sinu
1140 3568 1217 3630 cius.

478 3718 492 3767 8
637 3698 689 3762 Dc
713 3698 833 3762 Sanam
855 3697 981 3762 duabus
1002 3697 1103 3761 leucis
1123 3708 1235 3761 contra
1258 3696 1429 3776 orientem,
1465 3697 1521 3761 sed
1555 3720 1668 3783 parum
1692 3697 1883 3763 declinando
1906 3698 1948 3763 ad
1972 3710 2117 3763 austrum
2140 3708 2191 3763 est

510 3818 644 3875 Bethana
659 3814 717 3891 ³²³)
738 3814 853 3878 ciuitas
875 3817 958 3878 inter
981 3824 1120 3877 montem
1144 3810 1267 3875 Gelboc
1288 3822 1319 3874 ct
1338 3812 1521 3895 Iordanem,
1543 3812 1678 3877 dimidia
1700 3825 1807 3877 tamen
1829 3814 1921 3878 lcuca
1943 3838 1963 3878 a
1978 3814 2130 3897 Iordane,
2153 3816 2187 3879 in

511 3931 601 3994 cuius
620 3953 711 3994 muro
732 3928 906 3993 Philistiim
928 3928 1167 4015 suspenderunt
1189 3926 1351 3991 cadauera
1375 3927 1453 3992 Saul
1480 3940 1511 3992 et
1533 3929 1673 3995 liliorum
1702 3932 1769 3994 cius
1791 3931 1824 3994 in
1847 3944 1954 3996 inante
1978 3929 2103 3996 Gelboe
2133 3952 2186 3995 oc·

511 4046 662 4110 cisorum.
705 4044 885 4109 Dicebatur
914 4045 1088 4133 aliquando
1117 4046 1317 4124 Scythopolis,
1348 4055 1381 4108 ut
1409 4044 1487 4109 dicit
1507 4045 1751 4131 Ioseplrris³²*)‚
1780 4046 1836 4110 sed
1868 4069 1951 4110 nunc
1973 4048 2014 4112 ab
2037 4047 2191 4112 omnibus

509 4161 654 4225 Bethsan
675 4161 867 4247 appellatur.
910 4161 953 4225 Et
976 4172 1025 4225 est
1045 4161 1135 4225 locus
1157 4158 1312 4223 delicatus
1334 4159 1477 4224 inultum.

577 4370 603 4419 a)
621 4358 766 4412 Iorrluncm
784 4357 824 4415 St.
843 4359 965 4412 Iordane
982 4358 1008 4414 h.
1028 4390 1054 4397 -
1079 4358 1107 4427 b)
1127 4364 1240 4410 tanatum
1258 4354 1315 4409 cffr.
1337 4356 1376 4410 st.
1394 4385 1426 4394 —
1446 4360 1472 4421 c)
1492 4356 1584 4412 Verba
1600 4361 1705 4428 partim
1723 4366 1810 4413 ruoatc
1826 4362 1940 4430 effraym
1959 4375 2011 4414 om.
2033 4356 2086 4418 St..
2105 4357 2191 4414 habet

643 4440 669 4491 la.
689 4471 722 4479 —
739 4443 768 4510 a)
786 4451 810 4494 et
829 4443 904 4494 iudei
921 4444 1019 4497 luthera
1040 4441 1078 4496 St.
1101 4442 1206 4494 ridetur
1223 4439 1325 4493 habere
1343 4438 1368 4492 h.
1388 4469 1418 4478 -
1438 4446 1464 4509 e)
1483 4442 1561 4494 tu'uco
1581 4441 1621 4496 St.
1639 4444 1700 4494 su'ut'
1716 4441 1741 4494 h.
1757 4471 1790 4480 —
1808 4441 1837 4511 f)
1855 4442 1954 4496 collerc
1971 4441 2086 4510 (tollore)
2107 4443 2146 4497 St.
2158 4472 2186 4481 -

644 4527 673 4593 gl
694 4527 798 4578 nicaclru
817 4528 856 4579 St.
879 4527 984 4579 tricoria
1009 4525 1034 4577 h.
1053 4553 1085 4562 —
1103 4523 1131 4589 h)
1151 4525 1236 4595 affelt
1253 4522 1292 4577 St.
1316 4554 1350 4560 —
1371 4524 1391 4589 a)
1410 4523 1470 4578 lloc
1495 4524 1590 4578 vocab.
1610 4525 1636 4578 in
1656 4525 1776 4579 omisisse
1794 4524 1921 4578 videntur
1940 4525 1972 4580 St
1983 4524 2009 4577 h.
2034 4556 2066 4563 -
2085 4525 2115 4597 h)
2126 4530 2190 4596 sre-

642 4616 751 4674 paetum
769 4612 810 4661 irc
827 4609 944 4673 lustratas
963 4610 1002 4662 St.
1015 4614 1196 4678 srapreatarc
1213 4607 1238 4660 h.

572 4780 643 4847 319)
666 4778 801 4853 ,1Ιεεν1ια1
833 4798 934 4837 recens
964 4778 1158 4838 el·llosra'ah.
1203 4777 1240 4837 V.
1265 4777 1325 4835 Rit·
1369 4778 1420 4847 ris,
1450 4799 1535 4855 «pacm
1567 4779 1740 4837 Hermonim
1768 4801 1789 4840 s.
1811 4779 2005 4838 Harmoniam
2033 4780 2119 4839 aliter
2137 4799 2190 4859 ap·

508 4886 552 4934 tar
576 4876 662 4936 XVI.
693 4883 751 4938 695
787 4888 815 4934 ct
845 4876 1040 4936 Varrdevcltlii
1068 4878 1197 4935 tabulam
1227 4897 1325 4954 geogr.
1369 4875 1487 4952 pellant.
1531 4877 1585 4934 Est
1606 4897 1706 4936 recens
1728 4877 1858 4939 el-Dahi

509 4985 577 5034 sect.
601 4982 627 5035 5.
1436 5003 1505 5069 3242*
1530 5001 1650 5075 Samara]
1682 4998 1805 5070 Sanam,
1833 5021 1889 5059 roc.
1912 4999 2021 5059 Srilem.
2067 4998 2103 5060 V.
2130 5020 2189 5059 van

572 5077 642 5145 320)
664 5075 760 5150 I'aba]
789 5094 866 5132 nunc
894 5093 1010 5152 quoque
1040 5073 1145 5131 (licitur
1166 5074 1325 5143 el-Frileh,
1369 5095 1406 5154 de
1428 5096 1524 5155 velpe
1548 5096 1633 5158 Mem·
1656 5120 1685 5177 P·
1710 5104 1767 5159 349
1791 5120 1812 5158 s·
1835 5120 1861 5158 v·
1885 5098 2032 5169 Shunem
2059 5120 2086 5158 γ,
2111 5099 2189 5158 Rw.

508 5173 524 5230 i.
547 5191 572 5232 o.
604 5173 680 5232 faba.
725 5173 762 5233 V.
785 5173 939 5231 Ilobinsou
961 5172 1025 5232 Pal.
1048 5172 1106 5230 ΙΙΙ.
1132 5179 1185 5231 «111
1220 5183 1249 5230 ct
1276 5175 1326 5229 im·
1370 5215 1432 5253 mel.
1454 5217 1480 5273 p·
1507 5200 1569 5256 124·

509 5272 608 5349 primis
637 5282 735 5329 uotam
766 5279 776 5332 1
807 5272 933 5351 paginae
956 5275 1024 5331 tlt.
1067 5268 1112 5330 Cf.
1142 5292 1168 5330 v.
1199 5271 1328 5330 llaumer

531 5419 536 5429 .
566 5373 629 5428 112.

508 5390 527 5447 p
571 5471 642 5538 321)
664 5469 767 5542 asam]
790 5469 911 5539 antiqua
925 5467 1057 5545 riphaea,
1079 5487 1181 5526 recens
1204 5467 1326 5525 el-'Afu-

509 5567 565 5626 leh.
603 5566 638 5626 V.
662 5587 720 5624 van
742 5567 779 5625 (lo
795 5565 889 5624 Vclrle
912 5566 1032 5623 memoir
1047 5586 1074 5643 p.
1092 5568 1158 5626 2811.
1196 5569 1330 5638 Quatuor

508 5676 624 5725 exstant
651 5665 782 5724 ciusdem
805 5666 930 5724 nominis
953 5665 1055 5733 urbes,
1085 5664 1131 5721 hic
1158 5664 1262 5723 (licitur
1283 5686 1326 5731 ea,
1431 5654 1502 5715 327>
1525 5651 1664 5725 Bethana]
1688 5651 1873 5710 reasseisau,
1903 5647 2020 5709 etvan
2037 5649 2074 5708 (1⁶
2092 5648 2190 5708 V01d0

507 5785 582 5843 quac
605 5765 700 5823 estin
722 5765 798 5822 tribu
820 5763 964 5823 laaschar.
1370 5747 1458 5807 Mem·
1481 5770 1509 5827 P·
1533 5753 1601 5815 297·
1624 5771 1650 5809 t'·
1674 5749 1802 5806 Rtumffl'
1831 5754 1894 5808 ¹34·

572 5868 642 5938 322)
667 5863 855 5937 iauollibua]
879 5862 1328 5938 V.111·:‡1>.ltegumxx.23.
1434 5869 1502 5924 3281
1532 5874 1562 5921 ut
1592 5865 1662 5921 dicit
1696 5864 1846 5937 Iosephus]
1885 5865 1954 5924 Aut¹
1993 5863 2064 5922 XII.
2102 5868 2129 5924 S.
2160 5869 2178 5922 5

571 5966 641 6031 3232·
663 5963 795 6021 australi
816 5962 920 6019 ricantia
941 5961 1083 6037 Hermon]
1107 5961 1212 6039 supple
1234 5963 1323 6019 mino·
1368 5962 1455 6022 Xlll.
1481 5969 1507 6023 o.
1534 5969 1556 6022 l.

1434 5322 1503 5393 3252:
1526 5321 1578 5377 IV
1597 5320 1718 5395 Rapum]
1743 5319 1785 5378 IV
1808 5341 1833 5378 v.
1858 5324 1884 5380 ὃ.

1433 5438 1503 5505 326)
1527 5435 1606 5511 prtia]
1636 5429 1696 5505 ὅτι,
1730 5435 1873 5494 latinitate
1906 5435 2106 5494 ecclesiastica
2134 5455 2189 5515 pro

1370 5535 1537 5591 accusativo
1560 5554 1625 5610 cum
1647 5534 1790 5592 infinitivo
1813 5545 1992 5612 usurpatum.
