5334 6975
1302 674 1359 739 tss

493 856 658 944 sepulture
680 854 786 941 elegit,
809 875 881 918 eum
902 852 1007 918 Filius
1029 853 1107 932 eius,

1032 991 1136 1051 „quem
1157 980 1243 1045 ursa,
1263 982 1380 1053 pontus,
1402 973 1504 1033 others

1036 1070 1142 1141 colunt,
1164 1069 1297 1144 edomat,
1318 1068 1598 1152 petimurque),

490 1187 525 1252 iu
548 1195 619 1252 orto
641 1184 793 1270 dignsttm
817 1180 1074 1296 flreritpepeliri.

458 1317 469 1368 1
613 1300 673 1365 IX.
713 1299 794 1365 Inde
816 1296 1070 1364 conscendentes
1090 1303 1335 1361 montemetioeti
1355 1299 1494 1365 uidimus
1517 1300 1681 1366 castellum
1698 1308 1880 1384 Bertptope,
1901 1301 1942 1367 de
1962 1308 2025 1389 quo
2040 1296 2165 1363 Matho

490 1439 527 1482 us
540 1417 599 1491 ²³⁶)
619 1417 682 1481 ait:
712 1419 784 1480 Gom
813 1417 1072 1496 appropinquaret
1099 1419 1184 1476 Iesus
1200 1420 1411 1494 lerosolymam
1438 1427 1466 1477 et
1487 1420 1616 1479 uenmset
1639 1423 1810 1500 Betiplmpe
1838 1424 1880 1481 od
1908 1430 2029 1481 montem
2057 1418 2165 1487 somn,

435 1550 472 1604 ,2
489 1537 566 1595 misit
589 1538 671 1599 dnos,
715 1531 754 1597 In
783 1552 908 1596 summo
933 1531 1051 1596 montis
1072 1528 1214 1595 uidimus
1234 1528 1299 1595 duo
1321 1529 1466 1596 claustra
1488 1529 1668 1615 destructa,
1695 1555 1831 1620 quorum
1858 1557 1957 1599 uuum
1977 1531 2165 1598 edificatum

457 1659 540 1716 :test
567 1649 601 1713 in
630 1670 668 1714 eo
694 1647 780 1730 loeo,
809 1648 842 1710 in
865 1668 928 1734 quo
950 1644 1112 1709 Dominus
1134 1645 1247 1709 orauit.
1290 1650 1330 1707 Et
1344 1653 1452 1723 sortus
1480 1661 1523 1711 est
1550 1652 1610 1710 iilic
1637 1655 1731 1711 sodor
1751 1658 1810 1713 mus
1832 1663 1973 1731 tanquam
1992 1659 2074 1728 putte
2095 1667 2165 1706 san·

456 1769 587 1846 equinis
613 1770 799 1837 demrrentis
828 1767 859 1824 in
888 1762 1079 1837 terram²³⁷).
1123 1758 1223 1824 Aliud
1250 1782 1329 1826 vero
1356 1761 1541 1828 edificatum
1569 1775 1619 1828 est
1640 1788 1736 1852 super
1757 1764 1863 1830 locum
1892 1764 1982 1830 illum
1994 1812 2003 1846 ,
2037 1760 2079 1825 de
2100 1780 2164 1847 quo

456 1897 471 1946 o
489 1879 649 1945 Dominus
671 1884 834 1941 ascendens
855 1881 887 1939 in
909 1883 1000 1939 attam
1021 1883 1171 1955 captiuam
1190 1882 1276 1939 duait
1294 1882 1497 1958 captiuitatem
1510 1880 1581 1959 ²³⁸).
1622 1880 1660 1945 In
1682 1904 1745 1967 quo
1765 1903 1851 1945 nune
1872 1881 2028 1967 temporis
2050 1876 2165 1942 Sarra·

455 1992 622 2073 ocennsl)
651 1993 790 2060 infidelis
818 1993 860 2058 ad
887 1993 1042 2058 honorem
1061 1990 1230 2057 Mahumet
1257 2016 1350 2059 suum
1378 1996 1555 2081 oratorium
1583 1999 1776 2083 properauit
1786 1997 1852 2073 ²³⁹).
1894 1995 1946 2061 De
1973 1994 2035 2059 hoo
2056 2000 2165 2056 monte

489 2112 595 2198 ipsam
617 2114 781 2177 ciuitatem
805 2109 947 2198 perfecte
968 2109 1180 2194 inspicientes
1202 2108 1343 2174 uidimus
1363 2111 1398 2176 in
1420 2132 1460 2176 ea
1478 2118 1614 2193 temptam
1636 2117 1765 2189 Domini,
1785 2112 1871 2200 quod
1891 2111 2022 2197 quidam
2044 2131 2087 2174 ex
2108 2128 2164 2172 an·

488 2228 578 2314 tiquo
606 2230 735 2293 nomine
767 2230 934 2290 Solomonis
963 2223 1144 2312 appellant,
1175 2247 1239 2290 nou
1267 2226 1469 2292 attendentes
1497 2229 1602 2314 ipsam
1628 2227 1835 2295 Hierusalem
1861 2249 1932 2293 cum
1964 2248 2021 2291 suo
2041 2221 2162 2309 templo

455 2343 588 2408 tfuisse
616 2331 825 2408 destructam.
867 2342 906 2405 In
935 2363 1000 2428 quo
1030 2339 1179 2405 dominus
1202 2340 1365 2407 Soldanus
1376 2344 1435 2420 ²⁴⁰)
1462 2346 1640 2409 oratorium
1669 2345 1732 2411 sibi
1754 2355 1786 2410 et
1807 2346 1874 2409 suis
1896 2341 2165 2409 solemnissimum

489 2457 666 2540 ordinauit,
687 2461 721 2524 in
743 2455 830 2545 quod
854 2459 942 2521 ciues
963 2458 1067 2544 ipsius
1087 2457 1228 2523 ciuitatis
1250 2460 1337 2524 omni
1359 2458 1443 2524 feria
1464 2470 1557 2525 sexta
1578 2459 1729 2525 iubentur
1751 2461 1923 2527 conuenire
1942 2468 1974 2523 et
1995 2455 2163 2520 Mahumet

455 2585 471 2638 8
489 2574 635 2639 adorare.
678 2574 776 2639 luxta
796 2573 876 2638 illud
899 2571 1129 2658 assignabatur
1151 2572 1244 2638 nobis
1261 2578 1423 2653 probatica
1441 2579 1649 2657 piscinaque
1672 2584 1894 2658 copnomnetnr
1917 2578 2052 2637 hebraice
2074 2574 2163 2633 Bett-

455 2694 591 2765 tsaido,
618 2694 743 2772 quinque
769 2694 905 2769 porticus
933 2694 1043 2753 tabens
1053 2688 1082 2729 ²⁴
1090 2690 1122 2763 ¹).
1164 2689 1220 2755 Ex
1248 2689 1397 2777 predicta
1423 2693 1603 2758 eminencia
1632 2692 1742 2758 olineti
1772 2692 1999 2779 perspeximus
2021 2696 2162 2753 montem

488 2808 578 2884 Sion,
606 2807 677 2893 qui,
706 2817 742 2871 ut
770 2816 845 2870 ante
876 2805 984 2890 tetigi,
1014 2826 1100 2869 nunc
1121 2804 1296 2871 includitur
1317 2808 1420 2872 muris
1440 2810 1542 2894 ipsius
1562 2810 1721 2891 ciuitatis,
1750 2807 1807 2873 sed
1829 2817 1975 2892 tempore
1994 2803 2161 2872 Passionis

439 2907 660 2990 stt-Dominice
681 2921 924 2987 excludebatur.
967 2921 1004 2986 In
1028 2944 1152 2986 summo
1175 2920 1272 3003 illius,
1293 2924 1371 3010 quia
1390 2922 1476 2989 latus
1498 2936 1548 2991 est
1568 2949 1670 3008 mons,
1692 2924 1829 2990 habetur
1850 2920 2012 3011 quoddam
2034 2919 2162 3004 largum

488 3048 521 3102 et
539 3035 710 3124 pulchrum
731 3047 866 3126 aspectu
888 3036 1068 3120 cenobium,
1090 3039 1123 3102 in
1145 3060 1209 3125 quo
1229 3049 1361 3104 manent
1382 3041 1486 3104 eciam
1509 3039 1656 3117 Suriani,
1682 3039 1871 3106 sarracenis
1897 3037 2080 3117 tributarii,
2108 3035 2162 3122 qui

487 3155 670 3240 peregrinis
692 3153 768 3220 illue
788 3152 993 3220 uenientibus
1015 3164 1197 3220 monstrant
1217 3153 1322 3219 locum
1333 3204 1342 3238 ,
1364 3157 1398 3219 in
1420 3179 1484 3244 quo
1505 3157 1667 3223 Dominus
1689 3158 1818 3222 censuit
1838 3177 1912 3220 cum
1933 3155 2000 3219 suit
2021 3152 2162 3238 discipu·

375 3321 379 3328 .
487 3268 527 3333 lis
550 3279 582 3334 et
602 3293 748 3336 mensam
769 3269 875 3352 illam,
906 3272 940 3334 in
968 3292 1032 3355 qua
1054 3268 1215 3334 Dominus
1237 3269 1326 3335 Iesus
1351 3272 1500 3339 Christus
1527 3272 1663 3338 tradidit
1691 3273 1838 3360 corporis
1865 3283 1897 3335 et
1923 3270 2091 3355 sanguinis
2113 3268 2162 3332 sui

487 3389 644 3472 mysteria
677 3385 890 3467 celebranda,
923 3396 955 3450 et
986 3385 1107 3473 peluim
1118 3386 1192 3468 ²⁴²),
1227 3408 1303 3469 uas,
1338 3388 1373 3451 in
1407 3409 1471 3472 quo
1491 3388 1653 3454 Dominus
1682 3387 1763 3452 lauit
1789 3385 1888 3474 pedes
1917 3383 2161 3471 discipulorum,

438 3523 466 3574 11
487 3503 671 3591 exemplum
695 3504 776 3570 dans
798 3504 965 3584 ministris,
987 3513 1019 3567 et
1038 3506 1134 3565 sciens
1156 3507 1229 3584 quid
1240 3508 1384 3580 feresne)
1407 3505 1527 3582 eis²⁴³).
1562 3506 1606 3570 Et
1628 3508 1750 3584 scitote,
1772 3500 1880 3592 quint)
1901 3505 1935 3567 in
1955 3510 2063 3566 monte
2084 3499 2162 3564 Sion

486 3629 558 3683 erat
585 3620 747 3706 hospitale
776 3620 845 3683 siue
864 3617 978 3683 domus
999 3617 1074 3700 illa,
1103 3616 1266 3704 adquam
1294 3621 1388 3685 iuxta
1413 3620 1532 3686 librum
1554 3620 1807 3687 Machabeorum
1820 3620 1877 3696 ²⁴⁴)
1905 3625 1955 3679 m‘r
1976 3620 2162 3694 fortissimus

436 3741 469 3793 12
487 3740 582 3797 Iudas
610 3740 766 3797 collatione
787 3742 880 3812 saeta
903 3738 1054 3797 duodecim
1082 3740 1174 3796 millia
1206 3741 1367 3799 drachmas
1388 3746 1507 3818 arpenti
1527 3743 1605 3800 misit
1626 3743 1862 3817 Hierosolymam
1883 3737 1998 3814 offerri.
2039 3733 2163 3819 Inque

437 3849 695 3939 inpostmodum
722 3850 883 3938 hospitale
911 3850 1013 3914 sancti
1036 3849 1257 3928 Iohannis²⁴⁵)
1286 3852 1348 3917 fuit
1376 3852 1570 3920 edificatum
1612 3855 1650 3918 In
1677 3853 1740 3918 hac
1760 3853 1864 3917 eciam
1885 3849 1981 3915 domo
2004 3847 2184 3934 discipuli.

489 3977 565 4055 post
589 3968 779 4032 Passionem
807 3966 974 4031 latitantes
1005 3977 1037 4032 et
1074 3966 1193 4032 clausis
1227 3967 1354 4033 foribus
1389 3972 1617 4035 conuenientes
1645 3971 1751 4056 ipsum
1784 3966 1962 4032 Dominum
1991 3965 2164 4029 conuenire

486 4096 674 4151 meruerunt
706 4094 788 4149 teste
809 4083 972 4166 Iohanne,
1003 4084 1057 4170 qui
1086 4083 1254 4162 dieit²⁴⁶):
1292 4087 1363 4146 ilum
1390 4109 1457 4148 sero
1485 4098 1561 4149 esset
1581 4090 1629 4148 die
1651 4089 1702 4148 itio
1723 4108 1783 4147 nna
1804 4087 2005 4152 sabbatorum,
2035 4096 2062 4143 et
2073 4091 2164 4160 fores

437 4210 469 4262 14
485 4215 580 4265 essent
610 4209 724 4276 clause,
754 4205 803 4263 abi
830 4213 919 4263 erant
947 4204 1088 4279 discipuli
1115 4204 1287 4280 conprepoti
1307 4213 1437 4280 propter
1469 4215 1572 4264 metum
1590 4207 1762 4279 iudeorum,
1795 4203 1875 4261 uenit
1896 4204 1991 4261 lesos.
2023 4231 2065 4242 -
2099 4195 2165 4260 Iste

486 4320 588 4382 eciam
610 4316 699 4383 locus
721 4331 809 4400 erat,
841 4318 959 4404 inquo
983 4314 1136 4403 discipuli
1157 4319 1280 4403 pariter
1308 4317 1341 4381 iu
1364 4316 1477 4382 eodem
1507 4317 1579 4382 loco
1600 4326 1797 4405 acceperunt
1818 4314 1977 4401 Spiritum
1999 4311 2165 4379 Sanctum.

438 4446 468 4495 ts
486 4433 582 4498 Unde
603 4446 694 4498 actus
717 4432 938 4520 apostolorum
959 4430 1151 4508 dicunt²⁴⁷):
1187 4434 1258 4494 Cum
1281 4439 1500 4512 complerentur
1520 4438 1584 4496 dies
1599 4446 1799 4514 pentecostes,
1827 4445 1914 4494 erant
1936 4452 2034 4491 omnes
2055 4427 2164 4505 (disci-

553 4598 580 4666 11)
600 4597 659 4650 llos
677 4613 771 4650 versus
788 4613 846 4651 esse
866 4612 922 4650 uon
940 4594 1010 4648 vidit
1028 4594 1148 4648 Alterius
1168 4613 1189 4651 s.
1204 4593 1346 4650 Nihusius.
1359 4625 1392 4636 -
1409 4596 1439 4667 b)
1458 4598 1571 4668 quidam
1589 4597 1670 4651 Sors.
1688 4594 1737 4649 Ed.
1750 4612 1793 4665 pr.
1808 4625 1838 4635 -
1857 4596 1884 4660 e)
1897 4593 2017 4663 fecerim
2033 4590 2121 4645 BEd.
2133 4621 2166 4631 —

620 4680 651 4751 d)
668 4677 761 4734 Verba
778 4681 874 4734 scitote
890 4680 958 4749 quio
975 4695 1027 4734 om.
1046 4679 1098 4733 Ed.

546 4856 618 4925 235)
634 4848 806 4926 predicant]
828 4848 863 4907 Iu
876 4847 913 4910 L.
929 4849 1030 4908 Allatii
1046 4848 1226 4926 Συμμίκτοις
1241 4870 1303 4910 ver·
1409 4853 1481 4926 240)
1504 4850 1662 4925 Soldanas]
1696 4849 1731 4905 V.
1750 4849 1865 4908 'l‘obler
1886 4848 2016 4926 Topogr.
2041 4847 2066 4906 I.
2095 4851 2167 4907 519.

485 4972 534 5010 sus
559 4950 587 5010 hi
617 4948 745 5009 distincti
778 4966 837 5004 non
865 4958 940 5009 suut.
990 4947 1026 5008 V.
1056 4948 1165 5008 Daniel
1190 4948 1214 5009 l.
1247 4951 1303 5010 172
1347 4948 1446 5028 Vulgo
1465 4949 1558 5010 Omar
1582 4947 1750 5009 moschesm
1777 4967 1916 5025 magnam
1943 4945 2054 5004 Harum
2082 4945 2168 5007 esch·

483 5049 540 5108 No.
564 5048 710 5109 CXLIV:
1348 5047 1476 5109 Schorof
1494 5048 1661 5108 condidisse
1682 5045 1812 5108 traditur.

652 5176 734 5238 Qum,
749 5183 833 5242 m,
844 5179 954 5244 pom,
971 5173 1081 5229 &qm
1412 5152 1483 5221 241)
1505 5147 1623 5223 labens]
1645 5145 1708 5208 Iob.
1730 5145 1768 5218 V,
1793 5149 1811 5206 2
1833 5167 1849 5205 e
1870 5143 1959 5220 Vulg.

651 5259 750 5321 comos,
768 5260 897 5323 ortorum,
912 5257 1087 5327 praedicam,
1412 5251 1483 5318 242)
1501 5245 1622 5323 pelvim]
1643 5245 1706 5305 Iolt
1726 5244 1818 5318 XIII,
1840 5249 1857 5304 5
1880 5263 1942 5321 sqq.

652 5342 912 5413 1111111111111811111111
931 5338 1088 5394 mssehlnssm
1411 5351 1482 5420 243)
1496 5345 1618 5422 fecerit]
1639 5342 1704 5405 Ioh.
1727 5342 1817 5417 XIII,
1841 5345 1893 5402 12:
1923 5338 2010 5401 Scitis
2032 5339 2103 5420 quid
2125 5340 2167 5400 fe·

651 5426 803 5480 “mmm
822 5425 928 5479 M'n'oe
944 5422 1059 5478 ΜΝ·
1348 5446 1435 5506 carim
1452 5441 1559 5503 vobis?
1580 5441 1680 5517 Quare
1692 5442 1809 5502 fecerim
1820 5443 1851 5501 in
1864 5440 1968 5501 fecerit
1980 5439 2167 5502 mutavimus.

548 5551 619 5620 230)
641 5547 789 5622 Motdeus]
811 5545 902 5617 XXI,
926 5553 952 5607 1.
1410 5547 1482 5617 244)
1504 5541 1744 5616 Mociodeornm]
1765 5541 1798 5600 II
1818 5539 1858 5601 Μ.
1879 5537 1954 5611 XII,
1976 5543 2025 5600 42.
2048 5542 2097 5599 43.

547 5650 618 5719 237)
642 5648 672 5703 in
695 5645 815 5720 terram]
838 5646 910 5706 Luc.
933 5643 1039 5716 XXII,
1062 5650 1109 5705 44.
1410 5647 1482 5717 245)
1504 5643 1584 5718 torp.
1611 5663 1634 5701 s.
1655 5640 1809 5716 Iohannis]
1839 5636 1953 5699 Tobler
1980 5637 2115 5716 Topoqr.
2143 5637 2168 5698 I.
2265 5709 2267 5711 ¹

546 5749 618 5819 238)
642 5743 854 5820 captiuitatem]
875 5742 953 5824 Eph.
974 5741 1028 5816 IV,
1050 5747 1078 5804 8.
1347 5747 1405 5802 400
1427 5761 1490 5821 sqq.

545 5847 616 5917 239)
633 5841 827 5919 properauit]
850 5840 896 5903 cf.
919 5841 1034 5901 'l'obler
1051 5839 1182 5923 Siloahq.
1198 5864 1226 5923 p.
1247 5849 1299 5904 101
1410 5845 1482 5914 246)
1504 5842 1555 5918 qni
1574 5840 1654 5915 dicit]
1675 5839 1748 5911 XX,
1773 5842 1817 5899 19.

482 5953 542 6004 not.
564 5949 593 6004 9.
1409 5944 1482 6013 247)
1502 5940 1613 6016 dicunt]
1633 5939 1676 6012 11,
1701 5944 1725 6000 l.
1749 5942 1776 5999 2.

307 6146 486 6292 ἢ
526 6310 529 6315 ,
