5334 6975
1335 662 1393 720 llt)

479 865 511 915 5⁶
653 839 698 903 Et
727 837 950 902 descendimus
974 861 1034 925 per
1062 841 1166 919 viam,
1198 861 1255 926 per
1284 861 1381 925 quam
1409 838 1575 903 descendit
1596 837 1744 904 Christus
1774 861 1843 902 oum
1868 838 2129 923 processionem
2151 835 2203 900 die

480 967 510 1016 57
530 955 699 1019 oliuarnm.
743 953 786 1016 Et
808 955 954 1016 venimus
977 953 1019 1017 ad
1038 969 1158 1033 portam
1178 978 1318 1032 auream,
1348 977 1407 1039 per
1429 976 1524 1038 qnam
1546 956 1679 1019 intrauit
1701 955 1859 1021 Dominus
1891 976 1962 1017 cnm
1986 955 2203 1039 processione

377 1074 380 1079 ’
479 1090 511 1139 58
531 1070 602 1149 Que
624 1081 719 1156 porta
741 1081 789 1133 est
810 1067 852 1132 ad
874 1068 973 1154 pedes
994 1069 1117 1155 templi.

480 1198 512 1248 59
652 1183 781 1249 Deinde
803 1183 1014 1249 ascendentes
1035 1187 1069 1249 iu
1090 1187 1267 1266 ciuitatem,
1289 1197 1324 1249 vt
1346 1187 1466 1249 iremus
1488 1188 1522 1249 in
1543 1184 1739 1264 Bethlehem,
1763 1186 1923 1249 exiuimus
1945 1195 2039 1249 extra
2059 1187 2092 1248 in
2114 1207 2203 1249 mon-

479 1315 511 1365 to
529 1314 593 1366 tem
616 1305 704 1380 Syos.
748 1301 792 1364 Et
813 1303 994 1364 inuenimus
1024 1313 1117 1364 extra
1140 1303 1304 1366 ciuitatem
1334 1301 1454 1365 fontem
1476 1307 1584 1381 Roget,
1613 1299 1669 1364 ubi
1690 1301 1751 1364 fuit
1772 1313 1861 1365 ortus
1883 1302 2010 1386 regius,
2038 1300 2094 1365 vbi
2114 1300 2203 1366 Ado·

529 1419 616 1498 nias,
634 1416 719 1479 lilius
740 1416 850 1500 Agith,
874 1417 950 1479 t'ccit
972 1418 1165 1498 conuiuium,
1186 1439 1257 1481 omn
1280 1416 1377 1480 vellet
1398 1439 1545 1501 regnare.

478 1539 508 1589 61
652 1531 732 1596 lnde
765 1530 974 1617 procedentes
1006 1555 1065 1617 per
1090 1535 1192 1610 viam,
1222 1556 1280 1618 per
1303 1555 1399 1619 quam
1421 1544 1577 1595 venerunt
1598 1533 1685 1617 magi
1713 1555 1825 1596 versus
1847 1532 2051 1608 Bethlehem,
2080 1535 2203 1598 inueni·

479 1662 511 1713 62
529 1673 599 1713 mus
624 1648 740 1728 locum,
763 1646 819 1710 vbi
842 1646 934 1710 stella
954 1649 1106 1733 apparuit
1127 1651 1181 1712 eia.
1224 1649 1268 1712 Et
1288 1648 1333 1711 ibi
1357 1659 1404 1712 est
1427 1648 1563 1712 ecelesia
1583 1649 1617 1711 in
1638 1649 1825 1711 memoriam
1847 1647 1946 1712 stelle.

478 1744 512 1859 g}
653 1765 734 1828 Inde
760 1764 942 1826 inuenimus
969 1762 1011 1826 ad
1043 1776 1180 1848 quatuor
1210 1763 1350 1827 miliaria
1378 1767 1544 1844 martires,
1574 1763 1630 1827 vbi
1654 1764 1888 1848 transportauit
1910 1785 1965 1827 eos
1985 1763 2046 1829 leo.
2088 1763 2134 1827 Et
2155 1773 2203 1827 est

530 1881 576 1944 ibi
597 1880 826 1944 monasterium
847 1877 1027 1963 pulchrum,
1049 1879 1105 1942 vbi
1128 1879 1275 1943 habitant
1295 1878 1445 1943 monachi
1468 1878 1729 1944 Sarracenorum.

479 2003 513 2051 65
653 1994 733 2058 Inde
761 1995 907 2057 veninms
939 1996 971 2057 in
1002 1994 1140 2058 mediam
1170 1997 1254 2059 tiam
1287 1997 1370 2058 inter
1391 1995 1587 2059 lherusalcm
1616 2005 1648 2058 et
1673 1991 1861 2057 Bethlehem
1894 1993 1936 2057 ad
1969 1994 2075 2058 locum
2096 1993 2201 2074 Helie,

532 2134 628 2175 vnum
651 2109 783 2174 miliare.

480 2203 514 2318 2⁶7⁵
654 2227 733 2291 lnde
760 2229 907 2291 venimus
939 2226 1002 2290 duo
1033 2225 1173 2289 miliaria
1202 2225 1244 2289 ad
1266 2231 1451 2304 sepulchrum
1470 2228 1610 2286 Raetelis
1638 2225 1730 2287 iuxta
1754 2225 1839 2289 viam
1860 2224 1992 2291 Effrate.
2036 2223 2132 2303 Quod
2154 2247 2200 2287 se·

534 2342 700 2428 pulchrum
724 2366 821 2429 quam
842 2342 959 2424 nobile,
982 2365 1079 2426 (luam
1101 2343 1267 2428 antiquum
1289 2343 1341 2421 sit,
1363 2345 1469 2426 ipsum
1490 2363 1571 2425 opus
1592 2349 1735 2403 testatur.

481 2425 514 2541 33
654 2457 734 2521 lnde
760 2460 907 2522 venimus
938 2457 980 2521 ad
1003 2482 1135 2537 eassspam
1159 2462 1293 2518 cicerum.
1337 2456 1458 2519 Dicunt
1465 2504 1474 2536 ,
1502 2453 1602 2539 quod,
1632 2477 1702 2518 cmn
1725 2455 1872 2521 Christus
1898 2456 2052 2518 transiret
2072 2454 2148 2519 inde
2170 2466 2202 2519 et

533 2585 680 2657 quereret
704 2574 928 2638 elaboratore
951 2575 1128 2637 seminante
1151 2575 1265 2653 cicera,
1288 2572 1416 2636 dicens:
1439 2570 1548 2653 „Quid
1565 2571 1760 2635 seminas'?“
1778 2570 1833 2635 ille
1847 2569 2028 2656 respondit:
2048 2571 2200 2652 „Semino

481 2671 513 2786 Ἄ)
530 2688 688 2774 lapides.“
730 2688 878 2754 Christus
901 2689 999 2753 dixit:
1024 2688 1087 2771 „Et
1107 2688 1232 2772 lapides
1256 2687 1456 2772 recolligas.“
1498 2686 1638 2760 Extunc,
1657 2697 1693 2749 vt
1713 2687 1840 2768 dicitur,
1863 2685 1961 2750 nichil
1987 2685 2033 2750 ibi
2055 2689 2200 2751 nascitur

530 2806 593 2868 nisi
616 2803 693 2867 dicti
715 2803 826 2890 lapilli.

1163 2987 1199 3050 V.
1242 2986 1306 3050 DE
1328 2986 1583 3050 BETHLEEM.

500 3147 510 3196 1
655 3135 735 3198 Inde
757 3138 902 3200 venimus
924 3137 957 3199 in
978 3142 1138 3212 Bethleem,
1162 3138 1325 3200 ciuitatem
1350 3136 1529 3222 paruulam,
1551 3135 1607 3200 vbi
1629 3147 1787 3199 natusest
1806 3134 1960 3220 paruulus
1984 3133 2038 3198 ille
2053 3157 2199 3220 magnus,

498 3249 582 3320 slbi
603 3252 783 3315 inuenimns
807 3251 1056 3337 pulcherrimam
1079 3251 1248 3316 ecelesiam
1279 3251 1409 3317 domine
1439 3264 1548 3316 nostre
1576 3261 1608 3314 et
1634 3252 1667 3314 in
1699 3250 1836 3314 <ecclesia
1858 3250 2085 3324 diuersorium,
2116 3252 2201 3337 quod

531 3378 600 3430 crat
627 3368 682 3429 ria
712 3370 825 3431 stricta
855 3367 911 3431 vbi
940 3391 981 3431 ex
1010 3380 1103 3453 parte
1131 3392 1196 3432 vna
1225 3379 1295 3432 erat
1316 3390 1467 3454 presepe,
1505 3367 1561 3431 vbi
1583 3380 1758 3453 posuerunt
1777 3361 1971 3447 Dominuni,
2003 3376 2036 3429 et
2062 3389 2103 3429 ex
2139 3366 2203 3432 alia

496 3473 513 3589 Ξ
533 3494 625 3568 parte
648 3485 698 3545 vic.
723 3493 792 3546 erat
814 3483 908 3568 quasi
931 3483 1069 3569 quedam
1092 3489 1197 3571 cripta
1221 3497 1253 3548 et
1274 3497 1401 3550 antrum
1424 3508 1612 3571 pauperum.
1655 3483 1699 3547 Et
1720 3482 1766 3547 ibi
1789 3481 1980 3547 habitabant
2001 3483 2120 3547 stricte.
2159 3483 2203 3548 Et

498 3598 577 3670 sibi
608 3608 657 3662 est
690 3597 807 3678 altare,
833 3598 889 3662 vbi
921 3602 1049 3685 peperit
1079 3600 1209 3665 domina
1236 3612 1357 3666 nostra.
1399 3600 1450 3664 lbi
1482 3601 1685 3687 predicantes
1714 3612 1745 3662 et
1773 3597 1974 3663 celebrantes
1994 3610 2025 3661 et
2048 3598 2203 3684 populum

532 3714 805 3779 communicantes
840 3730 914 3798 post
948 3718 1118 3779 missarum
1154 3717 1330 3803 solempnia
1365 3718 1544 3780 inuenimus
1579 3716 1612 3778 in
1641 3717 1790 3801 presepio
1821 3714 2072 3800 pulcherrimum
2100 3716 2203 3780 int'an·

497 3844 613 3908 atem,
647 3828 747 3893 filium
774 3829 970 3915 paupercule
992 3831 1193 3911 Christiane,
1230 3856 1291 3918 que
1324 3831 1494 3896 habitabat
1525 3833 1618 3895 iuxta
1649 3830 1829 3895 eeclesiam.
1871 3831 1914 3893 Et
1943 3832 1976 3893 in
2006 3852 2044 3894 eo
2065 3830 2203 3897 letantes

530 3946 737 4012 adorauimus
766 3945 929 4011 Christum
959 3960 1069 4011 natum
1098 3960 1128 4011 et
1156 3947 1198 4012 ad
1227 3947 1358 4011 modum
1387 3970 1553 4032 magorum
1588 3947 1722 4033 paruulo
1757 3946 1871 4010 dantes
1900 3968 2034 4010 munera
2062 3947 2203 4013 reddidi·

531 4086 602 4127 mus
625 4064 730 4126 matri.

498 4197 512 4244 t
655 4177 736 4241 lnde
758 4178 983 4243 descendimus
1006 4180 1049 4243 ad
1071 4187 1162 4242 locam
1180 4192 1352 4260 pastorum,
1377 4180 1430 4266 qui
1460 4193 1551 4243 erant
1577 4181 1611 4243 in
1632 4179 1765 4263 regione
1787 4176 1899 4241 eadem
1921 4180 1954 4242 in
1977 4179 2077 4241 tercio
2100 4178 2203 4244 milia-

497 4296 580 4359 srio
601 4292 804 4357 aBethleem.
848 4294 899 4359 lbi
921 4298 1023 4359 estin
1047 4297 1252 4371 memoria³³)
1276 4298 1611 4382 pastorumlmaxime
1631 4297 1725 4358 ruina
1749 4293 1973 4375 eeclesiarum,
1996 4315 2058 4378 que
2073 4294 2204 4359 luerunt

497 4407 576 4472 sibi
604 4407 760 4471 edificate.
804 4408 853 4473 lbi
882 4412 972 4474 iusta
1003 4411 1066 4475 dno
1089 4411 1228 4475 miliaria
1250 4424 1299 4475 est
1321 4416 1433 4473 viculus
1455 4412 1505 4475 vel
1537 4417 1637 4474 casale
1654 4416 1888 4490 prophetarum,
1917 4409 1972 4495 qui
1994 4421 2203 4474 occurrerunt

532 4522 627 4587 Helie
648 4534 679 4587 et
700 4524 841 4605 Heliseo,
864 4538 894 4587 et
917 4526 1087 4591 dixerunt:
1110 4533 1224 4606 „Hodie
1246 4535 1365 4589 tolletur
1383 4532 1516 4589 Marinus
1537 4540 1604 4588 tuas
1622 4551 1640 4587 α
1664 4526 1785 4601 te!“³⁴)

486 4666 514 4715 to
657 4654 735 4719 lndc
757 4656 966 4721 ascendentes
989 4662 1165 4744 perviam,
1189 4682 1251 4745 que-
1273 4659 1362 4724 dueit
1384 4661 1417 4722 in
1441 4658 1620 4733 Bethleem,
1642 4681 1701 4743 per
1723 4658 1826 4737 viem,
1848 4678 1906 4741 per
1928 4678 2025 4740 quam
2046 4668 2204 4722 venerunt

483 4798 511 4847 ῃ
532 4781 680 4857 pastores
708 4782 739 4834 et
767 4794 826 4857 per
854 4794 950 4857 quam
978 4774 1125 4838 aseendit
1153 4775 1271 4862 loseph
1300 4797 1373 4838 erun
1405 4775 1512 4838 Maria
1532 4796 1635 4837 vxorc
1667 4782 1864 4859 pregnante,
1889 4773 2068 4836 inuenimus
2099 4795 2204 4859 prope

533 4885 698 4950 Bethleem
727 4886 850 4968 loemn,
880 4888 935 4952 vbi
953 4888 1060 4953 Maria
1080 4900 1111 4953 et
1131 4890 1250 4976 Ioseph
1273 4891 1465 4976 quieuerunt
1486 4892 1564 4954 t'essi
1586 4902 1617 4953 et.
1640 4888 1804 4952 sitibundi.
1843 4887 1894 4951 lbi
1917 4886 2128 4952 ostenderunt
2148 4911 2205 4954 no·

532 5001 582 5065 bis
605 5012 751 5087 puteum,
783 5025 876 5088 quem
899 5002 1050 5068 dicebant
1072 5007 1256 5070 exercuisse
1278 5028 1379 5092 vsquc
1400 5005 1443 5069 ad
1466 5028 1621 5069 summum
1645 5016 1676 5068 et
1698 5003 1826 5067 dedisse
1849 5013 1959 5090 potum
1982 5003 2104 5089 virgini
2132 5026 2205 5090 pre·

484 5119 643 5199 12gnanti
666 5127 698 5179 et
720 5141 778 5182 suo
804 5141 931 5204 sponso.

655 5249 734 5312 lnde
755 5250 1003 5314 reascendentes
1025 5253 1057 5313 in
1073 5251 1248 5329 =«Bethleem
1269 5274 1371 5337 usque
1394 5253 1436 5317 ad
1467 5253 1572 5318 locum
1594 5252 1773 5316 natiuitatis
1795 5253 1976 5317 inuenimus
1996 5254 2090 5316 iuxta
2103 5250 2207 5317 ecole-

532 5367 613 5429 siam
635 5363 763 5428 dominc
785 5379 894 5429 nostre
916 5367 1088 5452 palacium,
1111 5367 1168 5431 vbi
1189 5366 1493 5432 beatusleronimus
1515 5368 1679 5432 transtulit
1700 5367 1811 5448 libros,
1834 5377 1865 5432 et
1888 5367 2005 5445 sedem,
2034 5367 2090 5432 vbi
2113 5367 2205 5433 sede-

483 5504 512 5554 13
530 5480 602 5561 bat,
626 5479 784 5543 stlocum
808 5481 1068 5560 dormicionis³⁶)
1092 5492 1202 5547 sancte
1223 5482 1334 5547 Paule.

655 5609 735 5674 lndc
765 5612 952 5693 redeuntes,
980 5626 1015 5677 vt
1043 5616 1162 5679 iremus
1191 5615 1233 5679 ad
1262 5615 1393 5681 domum
1415 5617 1590 5695 Zacharie,
1617 5602 1670 5701 qui
1700 5614 1868 5681 habitabat
1890 5624 1983 5680 extra
2004 5616 2207 5683 lherusalem

596 5834 646 5902 33)
667 5830 813 5904 meritoria}
836 5833 1013 5893 memoriam.
1452 5838 1501 5906 35)
1524 5832 1718 5906 (ὶονυιίσίοηὶε)
1748 5833 1852 5893 obitus.
1895 5833 1941 5894 cf.
1963 5833 2127 5894 Robinseni
2150 5834 2211 5895 Pa·

591 5931 642 5999 34)
665 5928 892 6005 sssg.11(1v).
916 5935 942 6003 2,
965 5936 991 5992 3.
1390 5930 1515 5990 laestina
1537 5932 1576 5992 ll.
1598 5936 1667 5996 380.
