5334 6975
1343 646 1400 705 112

530 846 601 887 mus
629 821 862 897 litostrat0n⁴¹)
885 832 916 885 et
937 820 1060 902 locum,
1093 819 1148 884 vbi
1169 821 1230 885 fuit
1251 820 1414 886 iudicatus
1435 821 1610 903 Dominus,
1644 831 1676 886 et
1691 823 1815 904 locum,
1844 821 1900 887 vbi
1930 826 2020 890 stetit
2040 827 2074 890 in
2094 825 2203 913 platea

531 938 669 1025 populus
691 946 765 1001 ante
787 936 965 1023 palacium,
988 959 1059 1001 cum
1082 938 1183 1001 exiuit
1203 936 1245 1001 ad
1268 959 1323 1002 eos
1344 937 1478 1001 Pilatus.

481 1055 514 1107 38
654 1051 874 1117 Ascendentes
905 1061 1012 1116 autem
1042 1074 1101 1138 per
1127 1055 1230 1135 viam,
1260 1075 1320 1139 per
1349 1076 1444 1140 quam
1467 1052 1613 1117 aseendit
1633 1053 1784 1119 Christus
1806 1053 1956 1119 baiulans
1977 1055 2040 1120 sibi
2064 1079 2203 1134 crucem,

531 1170 711 1233 inuenimus
732 1166 849 1248 locum,
869 1167 926 1231 vbi
948 1167 1047 1231 dixit:
1069 1172 1165 1248 „Filio
1185 1175 1377 1250 Iterataelem,
1398 1174 1486 1231 nolite
1501 1176 1577 1249 flere
1598 1193 1689 1249 saper
1710 1170 1852 1247 me!“⁴²)

482 1295 514 1344 39
653 1283 703 1347 lbi
732 1282 905 1347 ostendunt
932 1282 1038 1348 locum
1065 1286 1367 1361 tramorticionis⁴³)
1396 1284 1524 1350 domine
1546 1294 1670 1366 nostre,
1698 1308 1770 1349 cum
1797 1296 1984 1372 sequeretur
2005 1285 2106 1351 filium
2126 1309 2201 1374 por·

480 1409 514 1459 40
532 1410 651 1464 tantem
675 1422 812 1463 crucem.
848 1399 892 1463 Et
913 1397 959 1462 ibi
981 1401 1074 1463 iuxta
1094 1402 1180 1464 viam
1203 1400 1375 1464 ostendunt
1396 1399 1525 1465 domum
1547 1404 1579 1464 in
1593 1400 1810 1466 memorialem
1825 1399 1990 1477 locutae).
2026 1401 2077 1465 lbi
2095 1411 2201 1467 osten-

480 1525 510 1573 41
531 1515 610 1580 dunt
628 1514 744 1595 locmn,
766 1513 821 1579 vbi
845 1514 988 1579 substitit
1012 1514 1158 1580 Christus
1182 1538 1252 1579 eum
1276 1538 1371 1581 cruce
1394 1525 1426 1579 et
1446 1516 1549 1581 fessus
1570 1518 1691 1603 quieuit
1712 1514 1886 1602 paululum.
1923 1515 2002 1579 Inde
2021 1538 2081 1602 per
2096 1526 2202 1582 trans·

530 1654 660 1695 uersum
683 1641 732 1694 est
756 1632 819 1712 via,
842 1652 904 1715 que
926 1631 1014 1694 venit
1036 1631 1077 1694 ad
1100 1632 1262 1695 ciuitatem
1276 1631 1331 1695 vbi
1349 1643 1556 1697 occurrerunt
1572 1631 1707 1718 Symoui
1725 1632 1882 1695 cirenensi
1901 1633 2040 1695 venienti
2056 1630 2097 1695 de
2112 1632 2202 1715 villa,

480 1757 513 1807 42
530 1758 565 1810 vt
585 1745 711 1811 tolleret
732 1769 858 1811 crucem
881 1746 986 1811 Ihesu.
1027 1746 1077 1811 lbi
1098 1749 1190 1810 iuxta
1211 1759 1259 1811 est
1281 1747 1379 1830 locus,
1401 1750 1455 1835 qui
1476 1749 1535 1812 fuit
1555 1750 1693 1813 fratrum
1713 1749 1881 1812 minorum.

479 1872 512 1921 43
655 1861 875 1926 Ascendcntes
897 1871 1002 1926 autem
1023 1885 1082 1949 per
1104 1865 1192 1927 viam
1216 1862 1435 1945 indirecte45),
1457 1863 1513 1927 vbi
1537 1864 1682 1928 aseendit
1704 1863 1862 1943 Christis,
1882 1863 2064 1926 inuenimus
2086 1863 2201 1945 locum,

529 1977 585 2042 vbi
607 1977 726 2059 dicunt,
748 1977 834 2064 quod
855 1977 980 2042 Helena
1002 1979 1154 2065 probauit
1180 1986 1211 2041 et
1233 1977 1387 2044 discreuit
1410 2002 1537 2043 crucem
1552 1980 1686 2043 Domini
1708 2001 1728 2042 a
1749 1977 1899 2042 crucibus
1920 1976 2082 2042 latronum
2107 1980 2200 2064 signo

530 2094 773 2158 resurrectionis
796 2095 926 2158 mortui.

1042 2294 1096 2359 VI.
1139 2295 1200 2359 DE
1223 2292 1489 2359 SEPULCHRO
1512 2292 1685 2358 DOMINI.

498 2425 509 2472 1

496 2491 511 2540 2
651 2441 731 2505 Inde
759 2440 968 2526 procedentes
1002 2445 1192 2508 intrauimus
1226 2422 1396 2508 ecclesiam
1428 2464 1484 2506 scu
1504 2441 1609 2506 locum
1633 2437 1803 2525 sepulchri.
1846 2437 1906 2502 Est
1934 2449 2039 2502 autem
2063 2439 2200 2504 eeclesia

496 2558 681 2632 amaxima
706 2579 767 2643 que
790 2558 931 2621 continet
952 2570 1091 2623 montem
1115 2559 1274 2625 Caluarie,
1317 2559 1354 2622 In
1377 2557 1457 2638 loco,
1481 2557 1535 2620 vbi
1558 2556 1732 2620 crucifixus
1755 2563 1805 2616 est
1826 2553 1996 2636 Dominus,
2019 2555 2199 2619 inuenimus

496 2674 650 2755 aloeum,
681 2672 737 2737 vbi
765 2676 797 2736 in
827 2695 907 2738 saxo
934 2674 1034 2738 fixum
1054 2675 1113 2739 fuit
1133 2675 1255 2760 lignum
1277 2675 1391 2738 crucis.
1435 2673 1478 2736 Et
1505 2672 1551 2736 ibi
1580 2674 1671 2735 iuxta
1693 2691 1812 2756 ymago
1835 2680 1883 2732 est
1902 2669 2065 2750 crucifixi,
2100 2692 2198 2757 opere

529 2791 688 2865 musaico,
719 2799 831 2852 tenens
855 2789 972 2852 faciem
991 2788 1034 2852 ad
1057 2790 1271 2872 occidentem,
1306 2791 1388 2852 sicut
1408 2789 1469 2852 fuit
1488 2788 1662 2852 crucifixus
1684 2786 1859 2866 Dominus,
1882 2794 1913 2848 et
1932 2783 1974 2848 ad
1992 2783 2093 2870 pedes
2115 2787 2197 2866 saxi,

528 2904 584 2968 vbi
613 2915 684 2968 crat
703 2903 803 2967 infixa
826 2925 906 2967 crux
912 2953 921 2985 ,
951 2906 1050 2969 stacio
1070 2904 1164 2969 beate
1186 2905 1291 2969 Marie
1310 2906 1448 2989 virginis
1472 2916 1504 2970 et
1525 2904 1610 2968 beati
1630 2903 1782 2968 Iohannis
1812 2899 2027 2986 euangelista,
2058 2901 2113 2989 qui
2135 2911 2197 2966 sta-

495 3019 609 3084 abant
639 3019 731 3084 iuxta
758 3041 885 3082 crucem
912 3022 1121 3105 respicientes
1149 3021 1191 3085 ad
1219 3024 1375 3085 orientem
1406 3032 1438 3085 et
1469 3020 1511 3084 ad
1538 3021 1653 3085 faciem
1677 3018 1806 3084 Christi.
1848 3015 1900 3080 Ibi
1928 3027 1977 3079 est
1997 3015 2088 3082 locus
2109 3026 2197 3081 tante

529 3135 725 3216 deuocionis,
748 3135 834 3219 quod
857 3138 883 3198 si
906 3136 977 3222 quis
998 3158 1063 3200 non
1084 3136 1175 3200 fleret
1196 3138 1418 3223 compassione
1440 3137 1497 3201 filii
1522 3136 1689 3201 clamantis
1712 3144 1742 3197 et
1756 3134 1923 3196 morientis
1939 3133 1972 3195 in
1992 3154 2098 3213 eruce,
2118 3133 2195 3197 flere

493 3253 654 3337 scogitur
675 3253 899 3337 compassione
919 3253 1032 3315 matris
1055 3252 1160 3317 flentis
1182 3252 1224 3316 ad
1246 3252 1346 3338 pedes
1368 3254 1471 3316 erucis
1487 3252 1608 3318 Christi
1633 3250 1798 3314 morientis
1820 3247 2003 3333 procebis.
2042 3249 2195 3312 (lanima

528 3390 610 3450 mea,
631 3391 649 3432 o
667 3370 775 3432 anima
797 3369 977 3452 peccatoris
999 3368 1146 3446 hominis,
1169 3368 1329 3452 quomodo
1351 3381 1464 3455 postea
1484 3369 1617 3455 potuisti
1638 3366 1803 3431 m'uificarc
1825 3374 1855 3427 et
1877 3362 2059 3447 gubernare
2080 3385 2197 3448 eorpus

528 3497 615 3549 tante
637 3483 859 3568 eorrupcionis
882 3494 913 3546 et
934 3493 1023 3548 tante
1045 3484 1334 3550 contradictionis?
1364 3508 1464 3572 quare
1485 3509 1550 3550 non
1570 3485 1673 3549 factus
1696 3506 1730 3546 es
1752 3478 1847 3543 michi
1873 3477 1964 3544 dolor
1983 3481 2111 3561 mortis,
2142 3479 2196 3544 do·

496 3614 509 3661 Ἰ
527 3600 576 3663 lor
598 3598 859 3684 compassionis?
889 3597 924 3662 Si
945 3622 1030 3663 nune
1051 3600 1183 3664 tuissem
1206 3600 1359 3677 deuotus,
1387 3616 1423 3666 vt
1444 3602 1634 3681 credebam,
1658 3599 1768 3663 dolore
1789 3595 1839 3659 vcl
1862 3595 1981 3681 gaudio
2002 3597 2083 3660 m'ori
2108 3597 2197 3682 potui

494 3714 568 3781 ade
590 3713 866 3799 contemplacione
888 3718 970 3778 tanti
993 3714 1156 3779 desiderii.
1195 3716 1467 3804 Circumspiciens
1491 3728 1596 3782 autem
1618 3715 1763 3793 sollicite,
1786 3713 1813 3776 si
1832 3733 1909 3774 vere
1924 3711 2068 3774 viderem
2083 3712 2196 3775 Domi-

527 3854 602 3895 num
626 3852 731 3893 meum
754 3830 855 3894 cerdis
878 3833 1060 3916 corporeis,
1093 3831 1161 3894 vidi
1190 3831 1292 3896 locum
1321 3834 1540 3898 crucifixionis
1570 3844 1601 3896 et
1621 3853 1736 3895 saxum
1758 3829 2007 3902 conscissumffl)
2031 3849 2196 3890 asumma

492 3967 628 4033 arsque
651 3945 801 4009 deorsum
824 3958 854 4009 et
875 3957 1002 4031 partem
1025 3945 1193 4031 columpne
1214 3947 1342 4030 subtus,
1371 3949 1413 4013 ad
1440 3973 1534 4036 quam
1560 3945 1741 4032 flagellatus
1769 3957 1817 4009 est
1838 3945 2008 4009 Dominus.
2052 3941 2123 4021 Que
2146 3965 2197 4006 su-

478 4083 509 4132 lo
529 4060 691 4125 stentabat
716 4060 858 4148 lapidem
887 4061 999 4126 altaris
1029 4061 1181 4126 deorsum
1211 4086 1313 4150 prope
1345 4066 1536 4146 stacionem,
1564 4062 1621 4127 vbi
1649 4072 1805 4126 meteret
1828 4061 1920 4144 virgo
1944 4057 2103 4144 plorabat.
2146 4057 2195 4122 lbi

527 4190 613 4242 retro
644 4189 675 4241 et
704 4179 795 4242 iuxta
822 4201 893 4241 eam
921 4190 991 4242 erat
1013 4178 1102 4243 locus
1125 4188 1156 4242 et
1184 4178 1398 4244 ostendebant
1426 4180 1583 4267 lapidem,
1621 4178 1675 4243 vbi
1705 4178 1921 4263 deposuerunt
1953 4195 2071 4259 corpus
2102 4182 2134 4237 et
2161 4172 2196 4237 li·

479 4316 506 4364 ιι
527 4305 685 4379 gaucrmrt
716 4293 823 4357 linteis
852 4307 883 4358 et
910 4293 1124 4358 condiderunt
1151 4295 1366 4374 aromatibus,
1398 4308 1434 4360 vt
1461 4296 1642 4382 sepelirent,
1691 4293 1770 4358 Inde
1799 4291 1942 4356 volentes
1970 4289 2126 4353 accedere
2154 4288 2197 4353 ad

528 4408 732 4494 sepulchrum
761 4421 792 4473 et
812 4432 947 4496 querere
969 4412 1161 4491 Dominum,
1189 4433 1284 4496 quem
1305 4436 1370 4476 non
1391 4415 1615 4477 inueneramus
1644 4413 1677 4474 in
1699 4420 1806 4474 monte
1828 4406 1995 4486 Caluari03
2021 4407 2086 4469 iarn
2110 4407 2196 4469 enim

528 4524 745 4608 deposuerant
766 4549 848 4607 eum,
872 4550 944 4590 cum
968 4550 1027 4611 ego
1049 4528 1147 4591 miser
1169 4528 1261 4592 tarde
1283 4529 1417 4613 perueni
1439 4540 1470 4592 et
1491 4527 1574 4592 dixi:
1606 4527 1749 4609 „Eamus
1772 4538 1803 4588 et
1825 4544 1996 4611 queramus
2018 4520 2061 4585 ad
2083 4543 2194 4585 monu-

527 4653 682 4719 mentum,
706 4639 760 4702 vbi
782 4652 961 4726 posuerunt
981 4643 1095 4705 eum!“
1125 4653 1157 4705 et
1177 4664 1380 4729 congregans
1404 4644 1627 4724 Christianos,
1660 4645 1714 4728 qui
1735 4653 1811 4704 tuuc
1834 4651 1926 4701 erant
1948 4636 1993 4700 ibi
2015 4635 2101 4699 vltra
2122 4658 2194 4700 cen-

528 4767 610 4831 tum,
644 4755 792 4819 ordinaui
818 4759 1074 4841 processionem,
1101 4779 1196 4844 quam
1217 4760 1396 4845 incepimus
1420 4784 1440 4823 a
1462 4759 1648 4847 columpna,
1683 4780 1779 4844 quam
1808 4756 1919 4819 dicunt
1941 4773 2012 4816 esse
2032 4753 2066 4814 in
2090 4750 2195 4815 medio

479 4871 647 4937 ramundi.
692 4871 735 4935 Et
761 4871 965 4935 ascendimus
996 4896 1053 4958 per
1082 4874 1186 4953 viam,
1213 4896 1271 4959 per
1299 4897 1395 4961 quam
1418 4888 1576 4940 venerunt
1605 4875 1709 4939 Mario
1736 4895 1807 4936 cum
1835 4867 2051 4948 aromatibus,
2079 4878 2110 4931 et
2135 4890 2195 4931 nos

527 4987 622 5074 plane
644 4986 853 5074 procedentes
875 5010 934 5072 per
956 4989 1043 5051 viam
1064 4998 1095 5051 et
1116 4989 1316 5053 conferentes
1339 4990 1382 5054 ad
1404 4990 1554 5053 inuicem:
1583 4989 1685 5071 „Quis
1713 4988 1858 5052 reuoluet
1884 4983 1978 5050 nobis
1997 4982 2195 5070 lapidem?“

527 5114 640 5190 postea
669 5127 739 5167 cunr
769 5105 1102 5190 appropinquauimus
1125 5103 1191 5168 alta
1212 5127 1292 5169 voce
1314 5117 1480 5170 cantantes
1509 5118 1540 5169 ct
1562 5115 1742 5191 repetentes
1771 5104 1901 5167 victime
1932 5097 2059 5186 pascali
2080 5097 2194 5162 laudes

525 5230 596 5300 etc,
619 5217 661 5281 ad
684 5242 808 5283 onerem
831 5243 962 5306 passum
985 5243 1081 5283 amram
1104 5243 1233 5284 versum
1253 5244 1335 5286 vnus
1356 5222 1544 5308 precinebat
1566 5234 1597 5285 et
1610 5244 1719 5286 omnes
1737 5214 1988 5307 respondebant,
2012 5225 2043 5278 et
2059 5216 2194 5278 circum·

587 5427 638 5494 41)
670 5424 847 5497 litostretoe]
889 5422 1096 5494 lithostrotum,
1134 5417 1336 5501 λιθόστρωτον.
1441 5428 1492 5497 44)
1515 5425 1544 5481 in
1561 5424 1755 5482 rnanorialem
1775 5424 1918 5502 Christus}
1940 5430 2115 5508 Lagentium
2138 5432 2194 5490 for-

522 5521 593 5581 Job.
618 5525 664 5589 19,
690 5524 734 5579 13.
1378 5533 1457 5582 tasse
1479 5532 1536 5582 est:
1565 5526 1604 5580 Et
1631 5525 1670 5582 iti
1696 5527 1780 5580 iacta
1807 5529 1885 5584 υιάηι
1906 5531 2061 5587 ostendant
2079 5533 2193 5587 douram

584 5674 635 5737 42,
658 5690 749 5745 ,uper
766 5672 818 5746 mc]
842 5668 909 5729 vid·
930 5668 985 5730 RV·
1009 5670 1080 5731 Luc·
1102 5676 1148 5745 23,
1170 5676 1218 5737 28·
1379 5633 1405 5679 et
1432 5626 1625 5680 rrmmorialem
1651 5626 1751 5696 locum,
1770 5624 1818 5681 voi
1837 5627 1964 5685 substitit
1988 5628 2133 5687 Orestae.

586 5824 637 5890 43)
661 5818 846 5878 Vocabulum
876 5818 931 5878 hoc
952 5819 1022 5878 mihi
1047 5822 1178 5897 ignotum
1205 5816 1336 5897 σπασμὸν
1442 5779 1492 5845 ⁴⁵)
1515 5773 1665 5848 indirecte]
1688 5774 1717 5831 in
1740 5773 1849 5834 difflcte
1870 5773 1907 5837 G·

524 5918 689 5994 significare
702 5918 825 5979 videtur.
849 5917 915 5979 Vid.
926 5918 1049 5980 Toblen'
1060 5921 1219 5981 Ierusalem
1233 5923 1256 5982 1.
1267 5928 1334 5983 450.
1439 5929 1489 5995 46)
1513 5923 1675 5980 concissam
1698 5921 1733 5981 G.
