5334 6975
1290 679 1329 743 68

480 861 670 948 capillorum
692 860 769 924 eius.
803 858 908 938 Quam
929 860 1173 946 impressionem
1196 857 1314 922 dicitur
1335 858 1450 922 secisse
1472 880 1585 944 rupem
1607 859 1891 945 apprehendendo,
1914 883 1986 926 cum
2005 883 2025 925 a
2046 861 2150 927 turbis

477 985 650 1042 teneretur.
694 974 737 1038 Et
759 986 851 1055 nota,
884 973 971 1060 quod
993 973 1032 1037 de
1054 975 1126 1060 ipso
1149 972 1259 1060 lapide
1279 996 1340 1038 nee
1361 973 1484 1060 prduis,
1505 985 1541 1038 ut
1561 975 1607 1039 ita
1631 974 1754 1057 dicam,
1783 974 1901 1062 deponi
1923 985 2049 1063 potest,
2078 998 2151 1041 cum

477 1102 586 1157 tamen
608 1092 742 1157 multum
765 1090 983 1155 laborauerim
1005 1089 1118 1154 ferreis
1138 1090 1376 1171 instrumentis,
1403 1099 1438 1153 ut
1458 1088 1534 1153 inde
1557 1111 1682 1155 mecum
1702 1089 1825 1178 aliquid
1845 1101 2025 1179 portarem,
2051 1102 2082 1155 et
2103 1103 2149 1156 ta·

478 1230 552 1272 men
575 1207 669 1295 plene
688 1207 840 1272 uidentur
862 1207 894 1269 in
916 1227 953 1269 eo
974 1206 1204 1289 impressiones
1225 1203 1381 1289 predicte,
1404 1227 1442 1269 ac
1464 1207 1492 1268 si
1514 1204 1554 1269 de
1576 1215 1671 1291 pasta
1693 1218 1778 1271 esset
1799 1229 1896 1294 rupes
1919 1210 1999 1293 ipsa.

602 1323 654 1388 De
678 1322 887 1387 Gethsemani
909 1330 1062 1408 quantum
1083 1322 1187 1384 iactus
1210 1330 1258 1383 est
1278 1318 1399 1405 lapidis
1421 1332 1535 1386 contra
1557 1333 1701 1385 austrum
1731 1333 1779 1386 est
1800 1322 1907 1405 locus,
1942 1322 1997 1387 ubi
2020 1322 2150 1387 audeus

479 1439 521 1504 ab
552 1440 599 1503 eis
629 1441 752 1519 orauit,
785 1451 811 1500 et
822 1440 930 1515 fuctus
953 1450 995 1498 eat
1015 1442 1108 1498 sudor
1129 1440 1191 1498 eius
1213 1440 1289 1497 sicut
1306 1449 1388 1515 putta
1409 1442 1564 1517 suaquim'a
1587 1442 1772 1499 decurrentis
1797 1442 1827 1499 in
1849 1440 2042 1515 terram⁴⁷⁴).
2084 1438 2151 1503 Ubi

478 1554 583 1619 eciam
604 1555 717 1619 similis
736 1554 821 1640 lapis
844 1562 902 1634 cst,
925 1552 1045 1617 similes
1066 1552 1296 1637 impressiones
1318 1550 1441 1615 habens
1465 1575 1603 1638 genuum
1627 1565 1658 1617 et
1678 1575 1832 1617 manuum
1853 1555 1932 1617 eius.

602 1671 690 1735 Inter
719 1670 803 1733 hunc
834 1667 940 1733 locum
969 1679 1000 1732 et
1020 1667 1231 1732 Gethsemani
1259 1678 1341 1731 ante
1365 1666 1534 1732 ecclesiam
1563 1667 1658 1732 beate
1684 1670 1822 1753 uirginis
1853 1670 1970 1733 transit
1992 1672 2061 1750 uia,
2088 1693 2152 1757 qua

479 1784 665 1850 ascenditur
684 1787 717 1849 in
740 1796 879 1849 montem
901 1783 1011 1849 oliueti
1031 1795 1063 1848 et
1084 1785 1117 1847 in
1137 1783 1329 1847 Bethaniam
1353 1794 1384 1848 et
1406 1783 1449 1847 ad
1470 1783 1650 1849 Iordanem.

602 1917 654 1981 De
674 1918 744 1982 loco
767 1918 991 1995 orationis⁴⁷⁵)
1014 1917 1147 1980 Domini
1169 1915 1357 2001 plusquam
1380 1919 1482 1980 iaetus
1505 1919 1545 1980 sit
1567 1915 1702 2002 lapidis,
1724 1928 1838 1981 contra
1858 1927 2019 1999 ausuum,
2041 1920 2075 1982 in
2096 1941 2152 2004 op-

477 2035 585 2119 posito
605 2032 718 2120 templi
742 2045 773 2096 et
798 2034 831 2096 in
854 2032 936 2118 pede
957 2034 1077 2096 montis
1099 2031 1223 2112 olineti,
1252 2032 1285 2094 in
1307 2030 1392 2095 ualle
1413 2033 1567 2119 Iosophat
1587 2044 1636 2097 est
1657 2032 1874 2118 sepulcrum¹¹>
1896 2035 1984 2118 regis
1997 2034 2054 2108 1ῖὸ)
2061 2082 2070 2115 ,
2097 2032 2152 2097 ha-

477 2147 558 2213 bens
581 2151 819 2235 superpositam
842 2148 1034 2234 piramidem
1062 2146 1157 2212 ualde
1179 2145 1358 2232 pulchram.

604 2281 672 2346 Sub
694 2293 802 2346 monte
825 2280 901 2345 Sion
925 2288 1037 2344 contra
1059 2281 1183 2364 regiam
1206 2278 1386 2343 Salomonis
1409 2280 1442 2342 in
1464 2280 1655 2344 occidentali
1682 2280 1786 2344 latere
1808 2280 1904 2345 uallis
1924 2279 2080 2366 Iosephat
2103 2291 2153 2344 est

471 2404 548 2473 sous
570 2401 648 2459 Silae
661 2398 736 2477 ⁴⁷⁷),
765 2395 804 2459 de
826 2418 888 2482 quo
911 2418 968 2481 per
992 2394 1273 2481 aqueductum⁴³⁸)
1295 2392 1366 2458 fluit
1389 2416 1473 2482 aqua
1494 2399 1528 2458 in
1548 2399 1708 2481 piscinam
1730 2399 1928 2482 superiorem
1950 2398 2037 2460 etin
2060 2408 2151 2460 nata·

478 2514 597 2578 teriam
620 2512 716 2595 Siloe,
738 2511 866 2599 quando
887 2512 960 2577 fons
981 2511 1102 2576 ibidem
1124 2508 1291 2575 habundat
1307 2511 1415 2596 aquis3
1436 2534 1501 2575 non
1515 2513 1600 2575 enim
1614 2511 1685 2575 fluit
1699 2514 1826 2597 iugiter,
1848 2511 1904 2577 sed
1921 2512 2151 2599 interpolatim.

602 2645 707 2711 Ambe
731 2655 836 2709 autem
863 2646 924 2708 iste
953 2646 1075 2729 piscine
1104 2645 1231 2708 suntin
1256 2643 1476 2729 pedemontis
1500 2644 1593 2724 Sion,
1616 2646 1699 2707 inter
1721 2646 1827 2730 ipsum
1848 2655 1880 2709 θῖ
1901 2644 2150 2709 Acheldemach.

478 2761 616 2826 Accedit
637 2763 770 2848 insuper
792 2760 834 2825 ad
854 2760 913 2825 has
935 2761 1076 2846 piscinas
1100 2760 1202 2823 eciam
1226 2781 1310 2844 aqua
1332 2757 1373 2822 de
1388 2766 1476 2835 fonte
1502 2762 1616 2837 aione)
1639 2762 1864 2843 inferiorem),
1887 2762 1941 2847 qui
1964 2762 2067 2825 oritur
2090 2760 2149 2825 sub

481 2900 560 2963 agro
580 2877 710 2943 fullonis
731 2880 822 2941 iuxta
843 2876 949 2941 locum
973 2876 1118 2940 stationis
1138 2874 1320 2956 Rahsaces,
1339 2873 1394 2938 ubi
1417 2874 1629 2960 exprobrauit
1650 2876 1791 2941 Domino
1803 2877 1870 2954 ⁴⁸⁰).

605 3011 701 3074 quta
723 3010 866 3096 piscinas
888 3010 967 3072 istas
991 3007 1032 3071 ad
1054 3010 1174 3072 iactum
1196 3005 1313 3092 lapidis
1336 3003 1421 3069 ultra
1444 3005 1561 3071 uallem
1585 3008 1619 3070 in
1641 3017 1734 3093 parte
1756 3010 1824 3072 eius
1847 3009 1980 3074 australi
2008 3021 2058 3074 θεῖ
2079 3034 2152 3090 aper

480 3126 777 3207 Acheldemaclffi),
804 3123 859 3188 ubi
890 3137 937 3188 est
966 3125 1132 3210 sepultura
1154 3124 1418 3208 peregrinorum,
1447 3132 1556 3208 empta
1576 3124 1677 3186 XXX
1699 3128 1881 3209 argenteis,
1917 3126 2034 3213 quihus
2053 3125 2151 3190 Iudas

482 3241 629 3308 uendidit
650 3241 837 3306 Dominum.
879 3240 1014 3317 Multass)
1037 3241 1162 3305 suntin
1185 3260 1264 3323 agro
1285 3239 1347 3303 isto
1371 3238 1520 3324 sepulcra
1541 3241 1698 3324 preciosa.

605 3373 695 3438 Infra
722 3374 866 3459 piscinas
894 3374 974 3437 istas
1003 3382 1034 3436 et
1067 3394 1180 3457 agrum
1204 3369 1442 3435 Acheldemach
1474 3382 1586 3435 contra
1614 3373 1771 3436 orientem
1798 3371 2003 3450 descenditl)
2025 3385 2151 3437 torrens

485 3491 669 3565 &aranuh
691 3490 831 3554 collectis
851 3492 984 3575 insuper
1004 3493 1107 3573 aquis,
1131 3510 1211 3573 quas
1233 3510 1345 3551 secum
1365 3487 1465 3551 trahit
1487 3485 1526 3550 de
1548 3487 1695 3574 partibus
1718 3486 1950 3575 superioribus,
1971 3487 2094 3553 scilicet
2111 3489 2151 3554 de

481 3607 584 3672 Rama
606 3617 636 3670 et
657 3605 823 3671 Anathoth
845 3618 877 3669 et
899 3605 1045 3690 sepulcro
1067 3605 1178 3690 regine
1199 3602 1504 3678 Iabenorumaru).
1541 3604 1584 3668 Et
1605 3603 1699 3689 longe
1721 3604 1780 3669 sub
1803 3605 1951 3709 sepulcro
1973 3604 2068 3670 beate
2087 3607 2151 3670 uir·

549 3805 576 3874 a)
595 3813 632 3858 eet
650 3802 803 3873 sepulcrum
821 3819 872 3856 om.
892 3801 941 3869 St,
957 3802 1042 3858 habet
1060 3802 1085 3856 h.
1110 3831 1142 3840 —
1164 3800 1194 3864 1))
1213 3818 1284 3869 pyoa
1302 3798 1341 3855 St.
1365 3832 1397 3839 -
1420 3802 1446 3867 θ)
1463 3810 1532 3855 nuta
1550 3801 1589 3858 St.
1608 3803 1693 3855 mrdta
1710 3801 1735 3855 h.
1760 3833 1790 3842 -
1814 3802 1844 3870 d)
1862 3804 2023 3856 &aceretem
2043 3801 2082 3859 St.
2105 3805 2150 3856 ‹le-

623 3888 728 3942 scemb't
745 3885 770 3938 h.
788 3916 820 3925 —
840 3888 866 3953 θ)
882 3887 1048 3940 Iahanorum
1067 3885 1106 3941 St.

482 4077 565 4136 sicuti
586 4075 639 4135 VI.
664 4080 690 4147 8,
710 4075 893 4147 liniamenta,
914 4096 973 4134 non
995 4075 1185 4143 lincamenta,
1206 4072 1293 4150 scrip·
1397 4073 1467 4142 480)
1494 4071 1644 4128 Babraces
1674 4104 1713 4112 —
1741 4070 1875 4146 Domino]
1913 4069 1950 4128 V.
1979 4071 2093 4129 Iesaiae
2127 4092 2151 4131 c.

480 4176 516 4234 sit
537 4174 731 4235 Burchardus.
1333 4166 1476 4227 XXXVI
1497 4177 1526 4226 et
1545 4167 1712 4226 XXXVII.

544 4276 615 4345 474)
638 4275 823 4332 decurrentis·
839 4274 869 4331 ia
885 4274 1005 4348 terram]
1024 4272 1060 4346 V.
1074 4272 1174 4330 Lucae
1188 4270 1293 4330 XXII.
1397 4268 1467 4337 481)
1489 4267 1708 4341 Acheldemach]
1732 4265 1931 4328 Hakeldama.

480 4382 529 4438 44.
1397 4368 1469 4437 482)
1494 4363 1619 4440 Cedron]
1640 4363 1764 4425 Kidron.

542 4476 611 4544 475)
634 4474 681 4529 De
709 4473 772 4528 loco
795 4469 947 4545 orationis]
979 4468 1014 4526 V.
1038 4466 1150 4526 Tobler
1170 4468 1228 4528 DIe
1249 4465 1293 4526 si·
1398 4468 1470 4538 483)
1492 4465 1629 4539 sepulcro
1644 4462 1944 4540 repiaelcbcnorum]
1969 4462 2052 4538 Sunt,
2075 4485 2151 4544 quae

479 4572 577 4652 loahq.
600 4593 628 4651 p.
653 4573 711 4630 208
734 4588 796 4648 sqq.
1334 4564 1423 4642 vulgo
1455 4563 1598 4632 feruntur,
1627 4562 1761 4640 sepulcra
1786 4583 1896 4640 regum.
1939 4563 1976 4621 V.
1997 4563 2151 4623 Robinson

545 4676 616 4738 476)
639 4676 682 4727 cet
705 4671 872 4744 sepulcrum
894 4666 981 4742 repis]
1004 4665 1050 4724 De
1065 4684 1122 4743 quo
1138 4686 1164 4723 v.
1181 4663 1294 4723 Tobler
1335 4662 1399 4721 Pal.
1428 4663 1468 4721 H.
1502 4665 1680 4723 188-194.
1722 4661 1840 4740 Ioseph.
1870 4661 1905 4723 B.
1932 4662 1963 4723 J.
1991 4662 2030 4722 V.
2059 4669 2091 4734 4,
2124 4671 2150 4724 2.

480 4772 538 4831 Die
562 4767 763 4846 Siloahquelle
785 4788 813 4844 p.
837 4770 895 4825 304
919 4786 961 4844 sq.
1336 4761 1464 4820 Pausan.
1486 4760 1587 4821 Descr.
1610 4758 1715 4818 Graec.
1730 4759 1818 4821 VIII.
1840 4768 1876 4820 16
1899 4762 1929 4820 in
1950 4762 2017 4820 fine.
2032 4793 2072 4803 —
2096 4759 2151 4821 Ce-

545 4875 614 4939 477)
630 4870 706 4938 fons
721 4864 808 4939 Silae]
829 4860 1091 4922 HuncBurchardi
1105 4863 1201 4921 locum
1218 4882 1294 4920 com·
1335 4869 1429 4918 terum
1456 4857 1617 4917 Burchardi
1642 4860 1738 4917 locum
1765 4880 1846 4919 mors
1873 4879 1926 4918 suo
1957 4859 1995 4918 ad
2028 4859 2150 4919 verbum

481 4974 626 5027 mentatur
657 4963 808 5022 Robinson
836 4962 900 5023 Pal.
928 4964 968 5022 II.
999 4968 1064 5022 144.
1107 4963 1188 5018 Fons
1217 4961 1295 5019 Silae
1337 4958 1490 5037 descripsit
1511 4957 1641 5016 Marinus
1662 4957 1791 5016 Sanetus
1815 4957 1904 5016 Tora.
1932 4967 2044 5017 secreta
2073 4957 2151 5018 fidel.

480 5076 525 5126 est
548 5066 615 5124 lons
638 5062 767 5132 hlariae,
796 5082 882 5140 quem
910 5061 983 5119 libro
1011 5078 1100 5137 saepe
1128 5059 1295 5119 collaudato
1337 5078 1411 5119 cruc.
1435 5056 1484 5116 lib.
1503 5057 1553 5116 III
1573 5065 1656 5135 parte
1676 5055 1754 5115 XIV
1777 5076 1841 5135 cap.
1860 5056 1908 5114 IX
1931 5078 1958 5135 p.
1982 5060 2049 5117 255.
2092 5057 2151 5116 Ne-

479 5163 634 5241 descripsit
656 5160 743 5219 Titus
766 5160 920 5220 Toblerus.
1336 5176 1393 5235 que
1421 5157 1508 5232 igitur
1542 5163 1619 5228 erat,
1643 5154 1721 5233 quod
1743 5154 1836 5226 hunc,
1864 5175 1923 5213 non
1951 5155 2150 5215 Barchardum

545 5265 615 5333 478)
630 5281 690 5336 per
710 5258 914 5336 aqueductum]
936 5258 1025 5317 Hunc
1046 5278 1124 5317 anno
1150 5262 1226 5318 1846
1244 5259 1295 5316 Ti·
1337 5264 1483 5313 auctorem
1505 5255 1606 5312 citaret
1625 5253 1814 5312 RobInsonus
1835 5253 1898 5314 Pal.
1920 5254 1963 5313 ΙΙ.
1989 5260 2055 5315 193.
2089 5256 2151 5314 Au·

480 5368 527 5419 tus
541 5358 689 5418 'l'ohlerus
711 5360 774 5437 ipse
796 5358 855 5416 suis
876 5356 1001 5436 pedibus
1022 5356 1195 5436 penetravit.
1228 5356 1296 5416 Vid.
1336 5354 1417 5431 tiqua
1451 5352 1568 5431 quidem
1607 5353 1724 5431 scriptio
1759 5361 1804 5410 est
1831 5353 2029 5430 lacertorum,
2063 5374 2151 5432 quarn

480 5459 538 5519 DIe
565 5456 763 5537 Siloahquelle
792 5477 819 5535 p.
845 5460 859 5512 7
888 5475 929 5535 sq.
1339 5450 1466 5510 Sanetus
1496 5472 1610 5530 quoque
1639 5449 1730 5509 habet
1748 5472 1775 5529 p.
1800 5454 1872 5519 255,
1899 5453 1949 5529 qui
1968 5453 2058 5531 paulo
2079 5453 2151 5511 infe·

542 5560 613 5630 479)
636 5560 670 5615 de
686 5561 774 5628 sonte
799 5554 878 5614 Gioa
898 5553 1050 5629 inferiore]
1083 5551 1128 5613 cf.
1154 5572 1228 5632 quae
1250 5572 1296 5610 su·
1337 5551 1395 5609 rius
1425 5570 1454 5628 p.
1484 5555 1542 5610 256
1568 5550 1763 5624 Abipeaorum
1796 5550 1927 5625 reginam
1964 5550 2034 5609 dicit
2061 5549 2151 5608 Hele·

480 5677 533 5737 pra
554 5657 642 5715 VIII.
668 5663 679 5714 1
705 5677 733 5734 p.
759 5658 815 5715 142
845 5659 974 5712 exstant:
1003 5661 1031 5709 ct
1056 5654 1091 5709 dc
1113 5655 1200 5723 fonte
1222 5651 1295 5722 iufe-
1337 5669 1415 5720 nam,
1435 5648 1550 5721 oblitus,
1572 5668 1647 5727 quae
1669 5649 1757 5728 paulo
1780 5656 1848 5707 ante
1870 5669 1889 5707 a
1909 5647 2078 5707 Burehardo
2101 5646 2150 5706 de·

480 5756 557 5814 riori
582 5754 668 5813 Giou.
712 5753 768 5811 Est
787 5771 888 5810 recens
911 5748 1014 5808 Birlret
1035 5748 1192 5822 es·Sultan,
1214 5749 1294 5808 lacus
1335 5748 1461 5826 scripsit.
1517 5749 1693 5805 Iahenorum
1728 5755 1772 5806 est
1810 5749 1827 5810 i,
1861 5768 1887 5827 q.
1919 5744 2150 5805 Adiabenorum.

481 5852 605 5913 Sultani.
649 5850 687 5910 V.
717 5851 830 5910 Tobler
852 5850 983 5929 Topogr.
1009 5869 1036 5907 v.
1058 5847 1156 5908 Jerua
1183 5849 1225 5907 11.
1256 5853 1294 5908 69
1335 5845 1467 5920 Helena,
1497 5845 1754 5905 Adiabenaeorum
1775 5848 1892 5924 regina,
1924 5864 2026 5922 regum
2047 5845 2150 5903 Izatae

480 5962 509 6011 et
530 5964 587 6011 uot.
606 5957 634 6013 9.
1335 5955 1365 6005 et
1385 5943 1570 6005 Monobaaae
1597 5954 1702 6021 mater,
1731 5965 1795 6004 cum
1823 5945 1889 6003 liliis
1911 5943 1948 6002 ad
1970 5942 2150 6002 Iudaismum
