5334 6975
1300 686 1341 750 23

601 869 780 952 Hucusque
818 864 858 929 de
886 866 950 929 situ
979 875 1139 928 terrarum
1176 873 1263 928 terre
1291 875 1403 927 sancte
1437 864 1659 927 adiacencium
1688 862 1776 927 dicta
1803 860 1980 945 sufficiant,
2017 884 2079 947 que
2102 885 2162 949 pro

476 985 593 1050 maiori
624 996 717 1071 parte
743 982 784 1045 de
812 980 907 1045 dictis
937 978 1134 1045 uenerabilis
1159 980 1277 1065 patris,
1309 979 1432 1044 domini
1453 976 1564 1044 lacobi
1587 977 1627 1042 de
1648 978 1797 1043 Uitriaco
1810 979 1866 1056 ²⁴),
1897 988 2009 1043 sancte
2030 1000 2163 1043 romane

477 1100 612 1165 ecclesie
640 1098 741 1185 legati
770 1098 804 1161 in
832 1107 921 1160 terra
943 1106 1073 1177 sancta,
1105 1117 1302 1183 quamquam
1330 1117 1390 1180 ego
1424 1092 1527 1159 oculis
1548 1094 1629 1158 meis
1649 1092 1791 1180 plurima
1811 1093 1950 1159 uiderim
1972 1094 2013 1159 de
2036 1094 2116 1181 hijs,
2142 1112 2163 1159 a

476 1238 527 1281 me
549 1225 623 1279 sunt
643 1220 855 1299 assumptae).

443 1317 446 1324 ¹
604 1330 758 1397 Ceterum
787 1326 829 1391 ad
858 1326 1088 1413 particularem
1119 1327 1371 1413 descriptionem
1399 1328 1502 1414 ipsius
1524 1338 1626 1409 terre,
1653 1326 1769 1412 quein
1791 1327 2031 1412 possessionem
2051 1325 2084 1390 X
2107 1328 2162 1391 tri-

477 1446 575 1511 buum
599 1446 705 1525 cessit,
728 1442 846 1528 stylum
867 1453 1041 1507 uertamus.

603 1558 777 1627 Sciendum
806 1559 905 1643 igitur
925 1559 1048 1645 primo,
1078 1558 1161 1623 sicut
1187 1580 1288 1644 supra
1311 1557 1434 1623 dictum
1458 1567 1523 1639 est,
1552 1557 1639 1646 quod
1659 1567 1948 1662 terramisanctam
1971 1560 2005 1622 in
2025 1563 2195 1646 quatuor5

477 1689 588 1765 partes
611 1676 721 1757 diuisi,
741 1696 803 1761 que
825 1680 935 1761 partes
957 1672 1155 1760 respondent
1178 1684 1317 1759 quatuor
1339 1672 1447 1761 plagis
1470 1673 1539 1755 celi,
1563 1666 1689 1738 scilicet
1709 1675 1825 1738 orienti
1836 1671 1861 1751 b)
1868 1723 1877 1756 ,
1900 1673 2076 1756 occidenti,
2097 1698 2162 1741 me·

476 1793 571 1858 ridiei
593 1805 625 1857 et
646 1788 911 1877 septentrionali,
941 1788 1018 1853 licet
1038 1811 1115 1875 pars
1139 1799 1208 1854 tota
1229 1788 1441 1855 occidentalis
1462 1789 1617 1876 respiciat
1639 1812 1730 1853 mare
1751 1812 1922 1876 magnum,
1953 1799 1986 1855 et
2005 1794 2108 1856 austri
2131 1803 2163 1857 et

478 1907 639 1996 aquilonis
661 1905 809 1971 similiter
830 1917 940 1992 partes
964 1903 1027 1986 ille,
1050 1927 1111 1992 que
1134 1915 1209 1969 sunt
1232 1902 1434 1970 collaterales
1455 1903 1657 1970 occidentali.
1692 1905 1849 1993 Incipiam
1873 1907 1978 1993 primo
2001 1929 2021 1970 a
2039 1906 2164 1972 directa

477 2025 576 2107 linea,
606 2047 625 2087 a
655 2024 786 2087 ciuitate
808 2022 996 2101 acconensi,
1028 2043 1091 2108 que
1119 2022 1297 2108 antiquitus
1318 2020 1588 2108 Ptolomayda²⁵t
1615 2019 1806 2113 dicebatur,
1837 2045 1951 2086 uersus
1979 2022 2163 2108 aquilonem

477 2139 685 2229 procedendo
707 2160 809 2224 prope
833 2138 1015 2214 ciuitatesr)
1038 2147 1069 2201 et
1090 2135 1171 2218 loca,
1196 2158 1257 2223 que
1279 2138 1406 2201 suntin
1427 2136 1536 2201 littore
1557 2137 1700 2223 magnid)
1723 2140 1822 2202 maria
1846 2139 1916 2202 sita.

602 2256 643 2321 ll.
684 2255 831 2319 Primum
852 2254 951 2339 igitur
971 2251 1199 2338 descriptionis
1220 2252 1352 2316 inicium
1377 2255 1512 2317 sumitur
1534 2276 1554 2317 a
1576 2258 1697 2315 ciuitate
1717 2256 1944 2336 acconenai²⁶),
1977 2276 2036 2341 per
2060 2254 2193 2320 dirce-l

478 2384 546 2437 tam
578 2372 699 2437 lineam
728 2368 934 2463 procedendo
962 2390 1077 2433 uersus
1100 2367 1225 2455 Tyrum
1255 2380 1286 2432 ct
1313 2368 1390 2433 inde
1418 2367 1461 2433 ad
1488 2368 1570 2433 alias
1593 2370 1741 2434 ciuitates
1765 2380 1950 2456 sequentes,
1984 2369 2163 2457 dequibus

481 2511 538 2553 suo
559 2488 630 2554 loco
653 2487 789 2551 dicetur.
834 2483 1010 2549 Sciendum
1031 2497 1154 2567 tamen,
1183 2483 1270 2571 quod
1290 2484 1350 2548 hec
1375 2485 1490 2549 ciuitas
1513 2508 1678 2573 nunquam
1699 2486 1760 2550 suit
1781 2485 1822 2550 de
1841 2499 1931 2551 terra
1953 2498 2083 2567 sancta,
2105 2510 2165 2552 nec

478 2627 498 2668 a
518 2602 594 2668 filiis
614 2600 717 2667 lsrael
739 2623 902 2688 possessa,
924 2599 1000 2665 licet
1021 2601 1055 2663 in
1077 2598 1304 2664 distributione
1326 2610 1413 2665 terre
1432 2601 1518 2666 Aser
1539 2601 1639 2666 tribui
1658 2602 1756 2666 fuerit
1777 2604 1962 2688 assignata,
1985 2604 2062 2688 quia
2083 2602 2165 2667 Ase-

479 2721 544 2784 ritc
565 2742 731 2805 nunquam
754 2716 969 2804 possederunt
991 2738 1071 2781 eam.
1104 2715 1167 2780 Est
1186 2726 1294 2780 autem
1315 2717 1348 2779 in
1360 2724 1386 2795 Θ)
1407 2719 1577 2803 prouincia
1591 2716 1742 2781 Phenicis
1758 2719 1831 2801 sita,
1852 2718 1976 2783 habens
1993 2718 2035 2783 ab
2055 2728 2164 2784 austro

482 2834 668 2901 Carmelum
691 2846 832 2898 montem
853 2831 897 2896 ad
917 2843 1056 2920 quatuor
1075 2831 1184 2897 leucas
1208 2842 1240 2896 ct
1261 2832 1428 2896 ciuitatem
1445 2836 1598 2913 anptum
1614 2834 1654 2911 Ν)
1680 2834 1723 2898 ad
1746 2834 1863 2921 pedem
1884 2836 2001 2899 montis
2022 2834 2166 2900 eiusdem

479 2950 565 3016 ultra
583 2964 761 3015 torrentem
783 2948 894 3029 Ciaon,
918 2948 973 3013 ubi
995 2947 1110 3012 Helias
1135 2948 1295 3035 propheta
1318 2948 1504 3014 sacerdotes
1526 2948 1608 3013 Baal
1630 2950 1802 3015 interfecit.

606 3066 759 3130 Phenicia
781 3087 858 3129 uero
880 3067 971 3150 regio
995 3066 1064 3129 siue
1087 3062 1186 3150 Syria
1200 3064 1352 3128 Phenicis
1377 3063 1485 3129 adhuc
1507 3064 1693 3129 extenditur
1714 3065 1799 3131 ultra
1822 3078 1934 3132 contra
1956 3078 2101 3132 austrum
2123 3066 2166 3131 ad

481 3197 549 3247 tres
571 3181 681 3246 leucas
701 3202 804 3265 usque
826 3178 869 3244 ad
891 3186 1015 3243 Petram
1035 3183 1174 3256 iuciauru,
1203 3202 1265 3265 que
1288 3183 1429 3242 Castrum
1446 3186 1679 3260 percyrr'norum
1701 3181 1835 3264 dicitur,
1864 3184 1919 3267 qui
1946 3182 2036 3248 locus
2057 3184 2165 3248 termi-

479 3322 541 3363 nus
563 3309 612 3361 est
634 3296 785 3361 Phenicis
807 3307 920 3360 contra
941 3307 1097 3360 austrum.

604 3418 704 3475 Acron
726 3425 833 3477 autem
855 3412 972 3478 ciuitas
994 3414 1118 3475 munita
1140 3426 1189 3475 est
1209 3411 1321 3492 muris,
1345 3411 1609 3495 antemuralibus,
1631 3412 1775 3478 turribus
1797 3425 1828 3479 et
1848 3415 1980 3481 fossatis
2002 3427 2034 3480 et
2054 3414 2163 3479 barbi·

479 3533 571 3596 canis
596 3531 800 3612 t'ortissimis,
833 3529 1030 3615 triangulam
1057 3529 1181 3592 habens
1210 3529 1364 3610 formam,
1398 3542 1434 3593 ut
1462 3528 1613 3616 clypeus,
1645 3533 1735 3595 cuius
1763 3531 1826 3597 due
1855 3543 1966 3619 partes
1988 3534 2165 3618 iungtmtur

481 3668 599 3732 magno
621 3648 715 3728 mari,
734 3647 838 3710 tercia
860 3667 937 3731 pars
959 3667 1110 3730 campum
1133 3647 1283 3730 respicit,
1312 3646 1367 3732 qui
1389 3645 1496 3731 ipsam
1520 3645 1715 3729 circumdat,
1738 3647 1862 3714 habens
1885 3648 1965 3714 duas
1988 3648 2097 3713 leucas
2118 3646 2164 3712 la·

481 3763 629 3828 titudinis
649 3775 681 3826 et
703 3761 775 3849 plus
797 3764 832 3826 in
853 3761 1003 3847 partibus
1026 3760 1198 3847 aliquibus,
1220 3760 1272 3824 uel
1294 3762 1400 3824 minus
1421 3762 1542 3844 eciam3
1563 3761 1679 3826 fertilis
1701 3763 1798 3829 ualde
1814 3775 1881 3829 tam
1895 3767 1930 3829 iu
1944 3769 2045 3851 agris,
2066 3785 2165 3850 quam

484 3881 585 3943 eciam
608 3881 642 3942 in
663 3879 795 3965 pascuis
818 3887 850 3942 et
873 3879 977 3942 uineis
1000 3893 1032 3941 et
1053 3878 1143 3958 ortis,
1164 3878 1197 3940 in
1219 3874 1337 3964 quibus
1361 3876 1482 3941 diuersi
1504 3879 1634 3959 generis
1655 3879 1779 3945 fructus
1801 3893 1968 3964 crescunt,
1991 3892 2023 3945 et
2042 3882 2167 3944 munita

483 3994 581 4059 multa
603 3993 726 4058 milicia
746 3993 927 4080 hospitalis,
952 3992 1065 4081 templi
1088 4003 1120 4058 et
1139 3992 1374 4069 theutonice²⁵)
1398 4004 1429 4056 et
1450 3995 1567 4058 castris
1590 4016 1699 4059 corum
1722 4008 1754 4059 et
1774 3995 1883 4072 arces)
1906 3998 2058 4061 ciuitatis.
2093 3995 2165 4076 Que

484 4110 527 4175 ad
547 4134 656 4197 regem
669 4111 710 4188 29)
733 4113 883 4197 pertinet,
905 4110 1030 4175 habens
1053 4120 1182 4196 portum
1203 4108 1323 4174 bonum
1347 4120 1378 4174 et
1400 4130 1554 4194 capacem
1580 4109 1622 4174 ab
1645 4120 1756 4176 austro
1779 4113 1921 4176 ciuitatis
1942 4135 2004 4199 pro
2026 4112 2165 4176 nauibus

483 4226 686 4292 collocandis.

607 4343 689 4409 lude
711 4354 824 4408 contra
847 4341 1031 4427 aquilonem
1054 4340 1097 4404 ad
1120 4353 1258 4428 quatuor
1280 4340 1389 4406 leucas
1411 4349 1460 4404 est
1482 4347 1583 4403 casale
1601 4343 1809 4423 Lamperti³⁰l
1834 4345 1926 4408 iuxta
1939 4367 2039 4427 marc,
2061 4346 2165 4410 uineis
2183 4354 2199 4406 2

484 4460 632 4527 similiter
655 4473 687 4523 et
706 4458 843 4523 iardinis
866 4471 898 4522 et
920 4459 1013 4545 aquis
1033 4456 1221 4521 fluminibus
1243 4455 1447 4538 habundans,
1471 4455 1661 4522 submonte
1683 4457 1789 4524 Saron
1811 4461 2028 4526 constitutum.

550 4615 576 4679 a)
594 4629 613 4665 a
631 4617 694 4663 ararit
714 4614 841 4677 coempto
859 4605 899 4661 St.
936 4605 1042 4661 Vocab.
1066 4623 1107 4659 ma
1131 4604 1324 4660 econiectura
1343 4604 1515 4659 inseruimus.
1540 4636 1573 4646 -
1598 4604 1626 4672 b)
1646 4608 1766 4676 erigenti
1786 4607 1889 4678 passim
1908 4607 1947 4664 St.
1972 4639 2006 4648 —
2034 4609 2061 4679 c)
2076 4627 2168 4680 prope

618 4695 717 4748 eiuitoa
734 4694 774 4745 St.
790 4708 844 4761 per
864 4692 989 4745 ciuitates
1006 4690 1031 4743 h.
1049 4721 1083 4731 -
1100 4689 1129 4756 d)
1146 4708 1247 4759 moytia
1264 4689 1351 4742 martir
1365 4690 1421 4742 sita
1439 4687 1479 4743 St.
1497 4690 1583 4744 inuria
1601 4693 1695 4760 mopsi
1710 4692 1736 4747 h.
1755 4723 1788 4732 -
1807 4697 1832 4762 c)
1851 4696 1881 4748 in
1899 4712 1952 4749 om.
1973 4693 2013 4749 St.
2028 4725 2062 4734 -
2079 4691 2102 4764 f)
2121 4693 2168 4746 Li·

616 4779 660 4832 bri
680 4777 766 4840 arcia,
784 4774 858 4846 quod
876 4790 891 4829 e
909 4774 1070 4828 coniectura
1086 4775 1261 4828 correximus.

543 4908 595 4978 24)
617 4904 721 4962 Iacchi
751 4905 786 4961 de
819 4902 963 4978 Uitriaco]
1001 4900 1038 4961 V.
1062 4898 1164 4959 Iacobi
1194 4898 1231 4958 de
1254 4897 1304 4955 Vi·
1410 4896 1461 4967 29)
1484 4898 1527 4953 ad
1548 4898 1652 4974 repam]
1675 4898 1791 4960 Dicitur
1811 4912 1862 4961 aut
1879 4903 1979 4981 Ilugo,
2000 4926 2051 4964 rex
2067 4906 2169 4989 Cypri,

484 5004 574 5062 triaco
604 5003 756 5061 historiam
780 5001 920 5061 lherosol.
952 5022 975 5062 c.
998 4999 1141 5058 XXVIII
1164 5020 1192 5078 p.
1218 5001 1305 5066 1068,
1347 5002 1398 5052 aut
1416 4991 1560 5072 Carolus,
1580 5016 1633 5057 rex
1657 4996 1793 5070 Siciliae,
1816 5003 1866 5080 qui
1889 5001 1926 5062 de
1947 5023 2040 5081 regno
2063 5007 2169 5068 Hiero·

484 5123 509 5162 o.
535 5101 608 5161 LVI
639 5123 666 5181 p.
694 5107 788 5172 1077,
817 5121 841 5161 c.
864 5099 969 5159 XCVI
997 5121 1025 5178 p.
1059 5104 1134 5159 1119
1165 5117 1202 5156 ex
1234 5095 1304 5157 edit.
1347 5092 1481 5171 solymae
1508 5094 1584 5153 inter
1608 5115 1640 5155 se
1662 5095 1878 5177 disceptabant.
1924 5101 1991 5162 Vid.
2017 5105 2170 5166 Friedrich

484 5202 639 5280 Bongarsii
654 5202 684 5259 in
699 5199 772 5259 libro
787 5201 942 5278 inscripto:
962 5196 1055 5258 Gesta
1069 5198 1126 5256 Dei
1147 5217 1201 5276 per
1213 5196 1304 5254 Fran·
1348 5191 1472 5251 Willrcu
1485 5189 1662 5254 Gcsehichte
1678 5194 1731 5255 der
1738 5198 1920 5277 Kreuzztigo
1934 5201 2004 5264 VII.
2018 5208 2169 5267 658-63.

485 5322 542 5363 cos.
587 5299 633 5361 Cf.
657 5321 684 5359 v.
706 5299 837 5358 Raumer
858 5319 889 5377 p.
913 5302 970 5359 363
993 5306 1071 5357 nota.
1412 5295 1465 5365 30)
1488 5295 1589 5351 casale
1610 5296 1776 5372 Lampertr]
1799 5298 1940 5360 Fortasse
1954 5302 2108 5379 Himperti
2129 5305 2169 5364 le·

545 5405 596 5474 25)
619 5398 826 5475 Ptolomnyda]
850 5397 1019 5455 Ptolemais.
1349 5390 1478 5467 gendum
1500 5402 1552 5451 est.
1597 5391 1734 5453 Castrum
1755 5397 1905 5457 Himberti
1930 5411 2074 5460 memorat
2095 5402 2169 5461 Wil-

547 5503 598 5573 26)
626 5497 805 5571 acconensil‘
830 5494 875 5555 Cf.
903 5515 962 5554 ran
995 5494 1032 5553 de
1061 5493 1158 5558 Velde
1186 5496 1308 5554 memoir
1351 5489 1410 5549 ken
1442 5490 1624 5570 Kreuzziige
1659 5492 1696 5554 V.
1729 5500 1788 5557 283
1823 5507 1893 5557 nota
1928 5505 1982 5572 76,
2016 5502 2169 5561 castellum

485 5596 880 5680 p.281,RobinaonNeuerc
893 5594 1106 5671 Forschungen
1119 5600 1307 5673 p.115seqq.
1355 5589 1499 5664 Ymdrt'ci,
1528 5594 1652 5651 liuberti
1676 5593 1742 5655 eod.
1764 5597 1821 5657 vol.
1849 5618 1917 5676 pag.
1942 5602 2000 5659 472
2028 5610 2098 5657 nota
2121 5604 2170 5671 20,

547 5700 599 5771 27)
622 5695 787 5773 Cayplram]
810 5695 961 5773 antiquam
982 5693 1135 5772 Hepham,
1158 5704 1307 5753 recentem
1351 5689 1437 5745 catal
1462 5690 1580 5749 l'mbert
1605 5692 1658 5755 VI.
1683 5699 1751 5755 538.
1796 5695 1921 5755 Carolus
1948 5697 2044 5756 Ritter
2070 5699 2169 5758 casale

485 5797 615 5857 Hiifam.
1349 5787 1480 5845 Huberti
1506 5792 1589 5867 ponit
1610 5791 1649 5851 ad
1672 5814 1705 5852 os
1727 5794 1854 5854 fluminis
1874 5794 2037 5854 Herdawll.
2081 5793 2169 5870 Quod

548 5897 600 5968 28)
622 5893 793 5968 theutonice]
823 5893 841 5951 i.
864 5911 890 5951 e.
910 5890 1014 5951 domus
1037 5892 1214 5952 theutonice.
1260 5889 1306 5951 Cf.
1350 5893 1437 5953 distat
1466 5894 1592 5955 ahoras
1616 5895 1664 5952 33‘
1687 5894 1821 5965 Accone,
1849 5892 1916 5977 211.
1939 5895 1987 5952 37’
2009 5891 2169 5954 Scandalio

487 5994 530 6053 IV
556 6001 579 6055 l.
1350 6013 1373 6052 a.
1411 5993 1617 6053 Iskandertina
1654 6003 1772 6052 auctore
1808 5991 2012 6052 Vaudeveldio
2045 5993 2171 6053 Memoir
