5334 6975
1307 692 1347 755 68

491 867 569 932 sale.
612 866 684 932 Hec
713 868 821 932 omnia
848 868 998 932 existenti
1027 867 1094 933 illic
1120 867 1163 932 ad
1185 867 1312 934 oculum
1332 878 1453 955 patent
1498 873 1672 948 Sepulcrum
1701 872 1785 935 enim
1808 876 1934 952 uirqinis
1954 875 2165 957 ploriosc⁴⁸⁵)‚

490 983 577 1069 quod
600 984 703 1048 estin
723 981 808 1046 ualle
828 982 998 1069 losaphat,
1019 1007 1084 1048 non
1107 984 1236 1071 quidem
1257 986 1290 1047 in
1313 984 1381 1048 eius
1405 983 1637 1070 profunditate,
1666 986 1723 1051 sed
1744 986 1777 1048 in
1799 985 2021 1071 pedemontis
2042 988 2164 1072 oliueti,

490 1122 606 1187 parum
633 1110 741 1163 tamen
763 1119 861 1183 super
882 1095 999 1162 uallem
1022 1100 1107 1162 etin
1131 1099 1302 1186 superficie
1323 1100 1462 1175 erat⁴⁶⁶t
1488 1108 1632 1185 tempore
1659 1098 1870 1166 habitationis
1890 1103 2066 1170 Ierusalem
2088 1117 2165 1171 ante

490 1214 741 1291 subuersionem,
763 1236 849 1277 nuno
857 1223 883 1292 ⁸)
906 1223 956 1277 est
975 1213 1071 1300 longe
1094 1214 1277 1296 subterra,
1302 1214 1385 1279 adeo
1413 1215 1498 1301 quod
1526 1214 1663 1279 ecclesia
1693 1218 1766 1302 ipsa
1787 1238 1857 1281 cum
1880 1222 1921 1283 sit
1941 1220 2076 1286 multum
2098 1221 2166 1287 alta

489 1336 550 1409 eth)
572 1329 780 1411 testudinata,
803 1339 872 1394 tota
893 1352 978 1394 nunc
1003 1332 1044 1395 sit
1067 1330 1126 1394 sub
1148 1341 1237 1395 terra
1258 1341 1291 1394 et
1312 1331 1441 1395 omnino
1464 1341 1627 1415 cooperta,
1651 1340 1683 1393 et
1705 1331 1799 1395 uallis
1819 1332 1958 1420 desuper
1972 1347 2041 1400 tota
2053 1336 2163 1423 plana,

488 1462 523 1511 ut
544 1448 598 1510 uia
620 1446 663 1509 sit
686 1468 783 1531 super
806 1446 975 1510 eeclesiam
998 1445 1041 1509 ad
1060 1444 1207 1510 eundum.
1249 1445 1311 1509 Est
1330 1454 1439 1508 tamen
1461 1446 1494 1508 in
1515 1446 1684 1531 superficie
1706 1458 1790 1512 terre
1813 1449 1976 1535 quoddam
1999 1451 2162 1516 edificium

487 1561 529 1626 ad
551 1561 683 1626 modurn
706 1561 863 1648 capellula
884 1562 1015 1643 factum,
1039 1561 1125 1646 quod
1147 1569 1252 1639 cume)
1272 1562 1407 1625 interius
1430 1560 1635 1625 descenderis
1644 1566 1669 1638 ⁶)
1691 1585 1750 1648 per
1770 1563 1893 1650 gradus
1910 1566 2078 1653 plurimos,
2101 1566 2162 1631 sub

487 1688 575 1742 terra
597 1678 630 1741 in
653 1675 824 1741 ecclesiam
851 1679 987 1764 ipsam0)
1010 1677 1053 1742 ad
1074 1677 1257 1764 sepulcrum
1289 1678 1426 1761 uirginis
1448 1675 1589 1762 gloriose
1611 1680 1816 1763 peruenies‘).
1859 1679 1902 1745 Et
1931 1682 2044 1764 credo,
2073 1682 2161 1767 quod

488 1803 561 1858 sunt
577 1793 648 1856 LX.
690 1792 754 1856 Est
775 1802 882 1857 autem
905 1793 1086 1879 sepulcrum
1109 1796 1142 1857 in
1164 1792 1269 1857 medio
1291 1791 1382 1856 chori
1404 1804 1516 1857 contra
1538 1791 1650 1874 altare,
1674 1817 1888 1859 marmoreum
1904 1808 1936 1859 et
1955 1798 2091 1863 mirifice
2106 1797 2161 1864 de·

488 1923 641 1973 ceratum.
684 1908 728 1971 Et
755 1931 815 1993 ego
845 1910 890 1972 fui
917 1911 949 1973 in
977 1909 1114 1974 ecclesia
1135 1910 1224 1994 ipsa,
1259 1918 1289 1971 et
1316 1907 1385 1971 uidi
1408 1907 1598 1994 sepulcrum.
1641 1909 1790 1974 Ecclesia
1812 1921 1919 1975 tamen
1948 1912 2082 1977 multum
2103 1914 2161 1978 hu·

488 2024 645 2103 midae&
668 2036 716 2089 est
736 2027 880 2107 interius,
902 2027 978 2112 quia
999 2035 1124 2089 torrens
1148 2024 1345 2100 Oedr0n⁴⁶⁸)
1368 2037 1417 2087 ost
1438 2023 1498 2088 sub
1519 2024 1593 2110 ipsa
1614 2023 1844 2111 repletionibus
1867 2027 2064 2113 supradictis
2086 2051 2161 2096 eoo·

487 2153 614 2228 pertus,
645 2152 676 2205 et
698 2140 828 2225 quando
850 2141 946 2205 fuerit
967 2141 1134 2205 inundatio
1163 2162 1246 2226 aque
1266 2137 1467 2224 pluuiarum,
1494 2141 1565 2226 ipse
1586 2151 1729 2223 torrens,
1762 2144 1816 2229 qui
1839 2142 1944 2207 adhuc
1970 2145 2003 2207 in
2026 2146 2160 2230 antiquo

488 2280 546 2321 suo
577 2267 683 2320 meatu
714 2256 774 2321 sub
796 2256 1027 2343 repletionibus
1049 2258 1130 2343 ipsis
1153 2256 1302 2337 currite),
1331 2276 1502 2341 erumpens
1524 2255 1628 2342 replet
1651 2256 1819 2321 ecclesiam
1848 2260 1882 2322 in
1902 2267 2042 2334 tantum,
2071 2260 2159 2346 quod

487 2393 563 2457 sepe
591 2394 649 2458 per
676 2374 793 2437 ostium
803 2374 829 2450 11)
858 2371 980 2456 capelle
1010 2374 1157 2458 superius
1187 2372 1292 2457 posite
1320 2392 1378 2455 per
1401 2392 1512 2435 omnes
1533 2371 1655 2456 gradus
1678 2371 1859 2438 exuberans
1881 2376 2043 2453 exit¹)⁴⁸⁹)
2064 2397 2159 2460 aqua.

485 2487 523 2551 In
551 2489 709 2553 cimiterio
740 2510 817 2553 uero
843 2491 945 2575 ipsius
974 2487 1108 2553 ecclesie
1137 2510 1200 2552 non
1223 2487 1318 2570 longe
1342 2483 1383 2548 ab
1406 2487 1474 2549 eius
1496 2487 1577 2551 ostio
1598 2487 1745 2551 hauritur
1764 2511 1848 2575 aqua
1870 2488 1912 2553 ab
1933 2489 2095 2576 indigenis
2117 2491 2160 2557 de

485 2605 573 2668 fonte
595 2604 746 2691 quodam,
770 2606 882 2690 quiin
906 2603 1132 2682 nehemiam)
1147 2610 1223 2679 fons
1244 2601 1454 2678 draconic⁴⁷b
1476 2600 1609 2684 dicitur,
1631 2615 1706 2668 ante
1727 2615 1856 2689 portam
1878 2603 1973 2669 uallis
1996 2607 2064 2670 siue
2086 2629 2160 2691 gre-

485 2723 545 2803 gis.
587 2719 736 2784 Ecclesia
766 2730 874 2783 autem
900 2719 994 2784 beate
1026 2720 1161 2804 uirginis
1190 2717 1295 2781 lumen
1321 2715 1420 2780 habet
1447 2718 1532 2781 intus
1560 2717 1600 2781 de
1631 2719 1780 2783 fenestris
1813 2719 2021 2785 orientalibus
2044 2732 2160 2787 contra

485 2847 626 2900 montem
648 2834 758 2899 oliueti
778 2837 903 2921 positis,
926 2834 980 2899 ubi
1004 2834 1086 2899 bene
1107 2844 1214 2921 potest
1236 2831 1412 2897 secundum
1432 2832 1495 2897 loci
1521 2833 1765 2920 dispositionem
1786 2834 1843 2899 lux
1865 2836 2019 2900 accedere
2042 2835 2118 2901 diei.

610 2951 684 3015 Non
704 2951 800 3037 longe
822 2951 863 3016 ab
885 2952 967 3017 ostio
990 2950 1085 3015 huius
1106 2948 1239 3036 capelle,
1260 2970 1321 3033 que
1344 2947 1433 3012 ducit
1453 2949 1495 3013 ad
1516 2949 1684 3013 ecclesiam
1707 2964 1820 3015 contra
1842 2954 2014 3033 orientem,
2041 2951 2156 3018 videli-

487 3078 537 3131 cet
559 3066 587 3130 L
609 3065 764 3152 pedibus,
794 3078 842 3131 est
861 3069 978 3132 ostium
1000 3066 1133 3130 alterius
1154 3065 1288 3130 ecclesio
1300 3113 1309 3146 ,
1338 3087 1399 3149 que
1422 3075 1555 3130 uocatur
1578 3068 1852 3146 Gettscrrrcri⁴²²),
1881 3066 1936 3131 ubi
1965 3081 2036 3131 erat
2056 3078 2157 3152 ortus,

486 3206 580 3271 quem
601 3185 746 3248 introiuit
766 3183 927 3248 Dominus
950 3206 1023 3247 cum
1045 3179 1214 3268 discipulis
1236 3182 1313 3262 suis,
1334 3183 1369 3244 in
1388 3180 1490 3244 latere
1509 3182 1635 3262 montis,
1658 3180 1817 3246 adherens
1840 3181 1967 3247 cuidam
1988 3185 2061 3269 rupi
2083 3206 2157 3249 con·

486 3320 566 3363 caue
588 3299 628 3363 de
652 3309 759 3364 monte
782 3298 988 3386 dependenti,
1011 3298 1104 3377 subk)
1128 3320 1191 3385 qua
1212 3318 1293 3383 rupe
1316 3296 1467 3382 discipuli
1489 3295 1653 3378 sedebant,
1676 3297 1804 3382 quando
1821 3297 1904 3363 dixit
1918 3300 1964 3362 eis
1980 3298 2158 3364 Dominus:

484 3420 607 3497 „Sedete
629 3419 684 3493 tic,
707 3422 798 3477 donec
821 3422 930 3477 radam
952 3418 1013 3476 illic
1035 3427 1063 3476 ct
1085 3418 1191 3477 orcm.“
1226 3411 1270 3475 Et
1290 3411 1470 3476 ostenditur
1492 3411 1597 3476 adhuc
1617 3411 1739 3476 ibidem
1760 3412 1850 3478 locus
1865 3415 2017 3478 sessionis
2034 3437 2156 3480 eorum.

484 3531 611 3597 Ibidem
636 3532 738 3594 eciam
761 3531 940 3595 ostenditur
961 3528 1060 3611 locus,
1080 3530 1112 3593 in
1132 3550 1195 3614 quo
1216 3539 1324 3592 tentus
1346 3529 1406 3592 fuit
1427 3551 1446 3591 a
1468 3527 1582 3610 turbis,
1603 3527 1685 3592 Iuda
1707 3551 1779 3593 eum
1799 3530 1909 3595 osculo
1924 3530 2084 3596 tradente.
2114 3531 2159 3596 Et

485 3647 614 3713 uidetur
636 3648 807 3733 impressio
830 3646 972 3711 caluarie
994 3647 1062 3710 eius
1084 3646 1232 3731 superius
1256 3645 1290 3708 in
1313 3666 1395 3730 rupe
1415 3643 1617 3729 dependente
1638 3655 1669 3709 et
1688 3644 1878 3709 liniamenta
1891 3647 1947 3723 ⁴⁷³)
1970 3648 2102 3711 uerticis
2125 3658 2157 3712 ot

551 3845 579 3913 a)
596 3862 651 3897 uon
669 3842 708 3897 St.
731 3860 801 3895 rrarc
818 3840 844 3899 h.
866 3872 898 3880 -—
917 3842 946 3909 b)
964 3850 990 3895 ct
1007 3860 1058 3897 om.
1076 3843 1118 3895 at.
1135 3872 1167 3879 -
1186 3843 1211 3912 c)
1229 3860 1288 3894 mem
1301 3842 1342 3893 St.
1361 3847 1448 3894 armen
1466 3839 1491 3895 b.
1513 3870 1544 3879 -
1563 3840 1592 3910 d)
1604 3843 1765 3895 ‹leacaulcua
1778 3840 1810 3895 St
1822 3840 1848 3894 h.
1864 3872 1893 3879 —
1913 3845 1939 3910 e)
1955 3844 2070 3897 ccclesia
2089 3844 2153 3914 apra

619 3926 658 3981 St.
677 3926 816 3979 eccleciam
836 3928 926 3996 ipsam
942 3924 969 3981 h.
987 3956 1020 3964 —
1043 3924 1069 3989 f)
1084 3927 1228 3996 pcrrcear'as
1245 3942 1297 3980 om.
1317 3922 1356 3978 st.
1370 3925 1532 3994 peruenitur
1549 3922 1588 3989 h.,
1607 3924 1701 3978 sedin
1719 3925 1855 3995 margine!
1880 3957 1912 3964 -
1936 3929 1965 3995 g)
1984 3945 2095 3981 currem
2114 3926 2155 3983 St.

617 4010 704 4064 currit
718 4009 745 4065 h.
764 4041 797 4050 -
814 4009 843 4077 h)
861 4011 986 4077 bostiam,
1002 4010 1091 4064 hostio
1109 4008 1211 4077 passim
1228 4005 1267 4060 St.
1287 4038 1318 4047 -
1337 4006 1356 4073 ἰ)
1373 4008 1426 4061 erit
1444 4008 1476 4061 St
1491 4007 1517 4061 h.
1536 4009 1592 4062 crit
1608 4008 1672 4062 Cod.
1693 4009 1773 4061 Bern.
1795 4040 1826 4048 -
1847 4009 1876 4075 k)
1894 4027 1953 4062 marr
1973 4009 2011 4064 St.
2029 4012 2079 4064 sub
2096 4010 2124 4069 h.

483 4199 519 4259 V.
537 4198 688 4258 Robinson
712 4198 777 4258 Pal.
801 4201 840 4259 ll.
863 4204 930 4260 203.
975 4198 1088 4258 Tobler
1106 4198 1164 4256 Die
1185 4196 1296 4256 Siloah·
1340 4206 1385 4254 est
1412 4196 1521 4254 fontem
1549 4195 1683 4256 draconis
1711 4198 1867 4256 convenire
1896 4198 1926 4255 in
1953 4197 2064 4256 fontem
2093 4197 2157 4257 hla-

483 4299 579 4379 quelle
599 4320 629 4376 p.
656 4302 720 4358 183.
1338 4295 1414 4366 riae,
1442 4296 1534 4353 citans
1555 4297 1651 4354 varios
1675 4296 1829 4373 scriptores
1851 4296 2039 4354 annotatione
2062 4300 2079 4356 3
2105 4316 2156 4375 pa·

546 4400 617 4469 4155)
639 4398 814 4471 Sepulcrum
837 4429 873 4436 —
904 4397 1029 4472 virginis
1054 4397 1189 4473 ploriose]
1219 4417 1296 4455 nunc
1338 4394 1426 4468 ginae
1438 4394 1478 4452 11.
1512 4393 1698 4453 Burchardus
1717 4414 1786 4451 vero
1809 4393 1837 4452 h.
1851 4394 1869 4452 l.
1893 4392 2019 4452 eundern
2035 4393 2155 4467 fontem,

483 4494 731 4569 Dschesmanijsh
756 4517 777 4553 s.
798 4493 864 4553 Sitti
883 4495 1015 4553 Mariam.
1062 4494 1100 4557 V.
1114 4495 1295 4555 'l'oblerDie
1338 4511 1424 4569 quem
1448 4491 1578 4551 Toblero
1601 4494 1657 4552 Die
1680 4492 1883 4571 Siloabquelle
1904 4513 1931 4571 p.
1960 4497 2014 4552 170
2043 4498 2154 4553 nota5

483 4592 683 4672 Siloahquelle
709 4615 737 4671 p.
765 4598 942 4653 143-191,
1000 4592 1150 4653 ltobinson
1179 4594 1241 4654 Pal,
1272 4597 1293 4654 1,
1338 4591 1482 4650 referente
1517 4592 1565 4649 alii
1600 4612 1715 4671 quoque
1742 4592 1974 4670 peregrinaturos
2005 4590 2156 4649 collauda·

483 4697 541 4753 388
563 4704 621 4752 not.
648 4698 672 4752 l.
1338 4700 1412 4761 runt,
1437 4691 1517 4749 fonte
1539 4690 1649 4749 Mariae
1668 4690 1818 4768 aliquanto
1841 4691 1973 4768 superius
1996 4708 2012 4747 a
2034 4691 2156 4767 regions

546 4796 617 4859 teo)
629 4810 741 4865 parum
757 4799 853 4846 toraca
867 4823 904 4830 -
921 4790 1162 4868 superficiccret]
1179 4791 1225 4850 De
1240 4791 1295 4850 hoc
1338 4800 1439 4867 portae
1472 4789 1556 4846 vallis
1580 4788 1722 4867 Iosophat
1749 4788 1835 4846 situm
1864 4787 1941 4847 dicit.
1995 4787 2051 4846 Est
2077 4787 2155 4848 idem

481 4889 642 4950 Burchardi
664 4890 728 4947 loco
750 4911 776 4948 v.
800 4888 912 4946 'l'oblar
933 4889 989 4947 llio
1011 4888 1140 4968 Siloahq.
1160 4910 1190 4968 p.
1208 4895 1272 4950 183.
1338 4885 1421 4959 fons,
1450 4906 1535 4966 quem
1558 4896 1785 4945 commemorant
1806 4885 1968 4957 Helfricus‚
1990 4886 2155 4959 Briemlius,

546 4995 616 5062 tot)
641 4988 774 5045 Ecclesia
792 4986 920 5062 lrurnida]
937 4987 982 5046 lle
996 4986 1039 5046 his
1055 4987 1217 5046 Burchardi
1232 5007 1294 5047 ver·
1335 4985 1531 5062 Lusignanus,
1553 5004 1639 5064 quem
1662 4986 1748 5060 igitur
1769 5005 1787 5042 a
1809 4984 1977 5044 Burchardo
1998 4988 2057 5044 iam
2078 5006 2154 5045 com·

481 5088 525 5148 bis
548 5110 574 5149 v.
598 5088 710 5146 'l'obler
732 5088 789 5145 Die
811 5086 1010 5166 Siloahquella
1032 5108 1060 5166 p.
1088 5091 1150 5147 186.
1335 5094 1525 5143 memoratum
1556 5102 1622 5143 esse
1649 5082 1791 5142 videmus.
1836 5081 1923 5154 Quod
1945 5083 2020 5161 sugit
2042 5084 2155 5143 Toble-

544 5192 615 5259 tea)
637 5188 707 5262 quie
735 5198 853 5246 torrens
878 5185 1002 5260 Gedros]
1033 5184 1080 5247 cf.
1102 5184 1216 5243 Tobler
1238 5186 1294 5244 Dic
1335 5203 1408 5254 rum,
1428 5186 1476 5263 qui
1500 5203 1577 5242 auno
1601 5180 1717 5240 demum
1746 5186 1820 5242 1483
1844 5183 1965 5261 primam
1987 5184 2050 5242 eius
2073 5202 2155 5243 man·

481 5284 610 5364 Siloahq.
633 5306 660 5364 p.
690 5290 753 5355 185,
774 5283 824 5342 ubi
847 5285 910 5362 ipsa
926 5283 1085 5342 Burchardi
1107 5284 1197 5344 verba
1220 5295 1293 5345 trac·
1335 5283 1444 5341 tionem
1466 5283 1574 5341 factam
1595 5300 1660 5339 essa
1682 5282 1816 5340 coniecit.

479 5394 586 5443 tantur.
1400 5385 1471 5454 472)
1495 5380 1692 5455 Gctlscrnom]
1726 5379 1763 5442 V,
1791 5380 1905 5439 'l'obler
1931 5379 1988 5438 Dic
2019 5379 2152 5461 Siloahq.

542 5488 613 5555 469)
636 5482 801 5539 exuberans
827 5483 896 5557 crit]
925 5482 1024 5560 Negat
1055 5480 1110 5541 hoc
1137 5483 1293 5555 Toblerus,
1335 5501 1363 5559 p.
1391 5484 1567 5540 tot-222.
1618 5480 1726 5538 Forma
1755 5476 1949 5537 Gethsamani
1973 5489 2017 5538 est
2045 5499 2154 5557 graeca

479 5581 557 5640 hunc
586 5583 681 5660 ipsum
711 5582 804 5639 locum
838 5592 868 5639 et
888 5583 980 5640 citans
1003 5591 1032 5640 et
1052 5581 1189 5641 refellens
1210 5583 1239 5640 in
1260 5584 1292 5641 li·
1337 5580 1529 5654 Γεθσημανῆ,
1556 5598 1608 5656 per
1633 5579 1796 5636 itacismum
1824 5578 1914 5648 lecta,
1949 5586 1981 5636 ut
2008 5577 2154 5654 Iordanis,

480 5680 532 5739 bro
554 5681 692 5758 inscripto
716 5681 773 5739 Die
795 5678 995 5759 Silcahquelle
1015 5701 1042 5760 p.
1067 5684 1131 5740 185.
1334 5698 1394 5736 non
1416 5676 1566 5749 Iordanes,
1586 5696 1622 5735 ex
1644 5697 1749 5754 graeco
1768 5671 1917 5753 Ἰορδάνης
1942 5695 1960 5734 a
1982 5675 2152 5736 Burchardo

540 5782 611 5852 470)
635 5779 665 5835 ia
687 5779 837 5854 Nelcmia]
860 5780 900 5840 Il.
924 5784 970 5839 13.
1332 5788 1362 5835 et
1385 5777 1449 5834 aliis
1469 5776 1586 5835 formari
1607 5775 1729 5834 videtur.

542 5882 613 5945 471)
629 5881 704 5949 sons
723 5878 873 5953 draconis]
895 5877 931 5938 V.
955 5876 1067 5936 Tobler
1088 5877 1146 5935 Dia
1161 5875 1290 5955 Siloahq.
1396 5878 1466 5948 473)
1495 5874 1677 5948 linicrrccnto]
1715 5872 1746 5930 si
1774 5893 1863 5951 supra
1889 5893 1988 5932 veram
2018 5874 2150 5953 scriptio·

477 5998 505 6055 p.
522 5980 548 6036 2.
571 5976 664 6034 Ritter
683 5977 768 6037 XVI.
789 5998 815 6055 p.
840 5980 907 6036 371.
930 5980 998 6036 443.
1023 5974 1171 6034 'l'oblcrus
1190 5985 1292 6034 auctor
1332 5994 1399 6033 nem
1436 5975 1600 6034 coniectura
1633 5973 1758 6032 assecuti
1792 5992 1907 6046 sumus,
1949 5972 1997 6031 hie
2025 5992 2152 6052 quoque,
