<?xml version="1.0" encoding="UTF-8"?>
<!DOCTYPE html PUBLIC "-//W3C//DTD XHTML 1.0 Transitional//EN"
    "http://www.w3.org/TR/xhtml1/DTD/xhtml1-transitional.dtd">
<html xmlns="http://www.w3.org/1999/xhtml" xml:lang="en" lang="en">
 <head>
  <title>
</title>
<meta http-equiv="Content-Type" content="text/html;charset=utf-8" />
  <meta name='ocr-system' content='tesseract 3.04.00' />
  <meta name='ocr-capabilities' content='ocr_page ocr_carea ocr_par ocr_line ocrx_word'/>
</head>
<body>
  <div class='ocr_page' id='page_1' title='image "./peregrinatoresm00brocgoog_0168.png"; bbox 0 0 5334 6975; ppageno 0'>
   <div class='ocr_carea' id='block_1_1' title="bbox 1337 637 1392 696">
    <p class='ocr_par' dir='ltr' id='par_1_1' title="bbox 1337 637 1392 696">
     <span class='ocr_line' id='line_1_1' title="bbox 1337 637 1392 696; baseline 0.036 -2"><span class='ocrx_word' id='word_1_1' title='bbox 1337 637 1392 696; x_wconf 79' lang='lat' dir='ltr'><strong>tot</strong></span> 
     </span>
    </p>
   </div>
   <div class='ocr_carea' id='block_1_2' title="bbox 477 809 2206 2439">
    <p class='ocr_par' dir='ltr' id='par_1_2' title="bbox 477 809 2206 2439">
     <span class='ocr_line' id='line_1_2' title="bbox 491 809 2201 898; baseline -0.004 -16"><span class='ocrx_word' id='word_1_2' title='bbox 491 830 555 885; x_wconf 81' lang='lat' dir='ltr'><strong>oet</strong></span> <span class='ocrx_word' id='word_1_3' title='bbox 576 841 696 884; x_wconf 78' lang='lat' dir='ltr'><strong>uxores</strong></span> <span class='ocrx_word' id='word_1_4' title='bbox 717 839 846 896; x_wconf 90' lang='lat' dir='ltr'><strong>eorum,</strong></span> <span class='ocrx_word' id='word_1_5' title='bbox 869 812 990 878; x_wconf 90' lang='lat' dir='ltr'><strong>seilicet</strong></span> <span class='ocrx_word' id='word_1_6' title='bbox 1010 813 1096 894; x_wconf 87' lang='lat' dir='ltr'><strong>Eua,</strong></span> <span class='ocrx_word' id='word_1_7' title='bbox 1125 812 1224 892; x_wconf 81' lang='lat' dir='ltr'><strong>Sara,</strong></span> <span class='ocrx_word' id='word_1_8' title='bbox 1257 809 1407 877; x_wconf 83' lang='lat' dir='ltr'>Rebecca</span> <span class='ocrx_word' id='word_1_9' title='bbox 1429 823 1461 875; x_wconf 90' lang='lat' dir='ltr'><strong>et</strong></span> <span class='ocrx_word' id='word_1_10' title='bbox 1480 811 1560 898; x_wconf 87' lang='lat' dir='ltr'><strong>Lya.</strong></span> <span class='ocrx_word' id='word_1_11' title='bbox 1605 811 1711 897; x_wconf 81' lang='lat' dir='ltr'><strong>Caput</strong></span> <span class='ocrx_word' id='word_1_12' title='bbox 1732 809 1804 874; x_wconf 85' lang='lat' dir='ltr'><strong>Ade</strong></span> <span class='ocrx_word' id='word_1_13' title='bbox 1826 821 1874 875; x_wconf 92' lang='lat' dir='ltr'><strong>est</strong></span> <span class='ocrx_word' id='word_1_14' title='bbox 1896 813 1981 875; x_wconf 89' lang='lat' dir='ltr'><strong>intra</strong></span> <span class='ocrx_word' id='word_1_15' title='bbox 2002 834 2128 875; x_wconf 89' lang='lat' dir='ltr'><strong>murum</strong></span> <span class='ocrx_word' id='word_1_16' title='bbox 2150 833 2201 876; x_wconf 89' lang='lat' dir='ltr'><strong>eo·</strong></span> 
     </span>
     <span class='ocr_line' id='line_1_3' title="bbox 492 925 2199 1012; baseline -0.006 -12"><span class='ocrx_word' id='word_1_17' title='bbox 492 936 621 1007; x_wconf 69' lang='lat' dir='ltr'><strong>eclesie</strong></span> <span class='ocrx_word' id='word_1_18' title='bbox 650 946 762 998; x_wconf 86' lang='lat' dir='ltr'><strong>eontra</strong></span> <span class='ocrx_word' id='word_1_19' title='bbox 790 930 906 1010; x_wconf 82' lang='lat' dir='ltr'><strong>altore,</strong></span> <span class='ocrx_word' id='word_1_20' title='bbox 935 939 966 993; x_wconf 91' lang='lat' dir='ltr'><strong>et</strong></span> <span class='ocrx_word' id='word_1_21' title='bbox 994 928 1127 992; x_wconf 87' lang='lat' dir='ltr'><strong>multum</strong></span> <span class='ocrx_word' id='word_1_22' title='bbox 1161 925 1338 991; x_wconf 83' lang='lat' dir='ltr'><strong>honoratur</strong></span> <span class='ocrx_word' id='word_1_23' title='bbox 1368 927 1609 992; x_wconf 82' lang='lat' dir='ltr'><strong>aSarracenis</strong></span> <span class='ocrx_word' id='word_1_24' title='bbox 1653 925 1763 990; x_wconf 83' lang='lat' dir='ltr'><strong>Etibi</strong></span> <span class='ocrx_word' id='word_1_25' title='bbox 1786 927 1889 990; x_wconf 87' lang='lat' dir='ltr'><strong>estin</strong></span> <span class='ocrx_word' id='word_1_26' title='bbox 1911 938 2004 1012; x_wconf 89' lang='lat' dir='ltr'><strong>petra</strong></span> <span class='ocrx_word' id='word_1_27' title='bbox 2026 928 2199 1012; x_wconf 90' lang='lat' dir='ltr'><strong>seriptum:</strong></span> 
     </span>
     <span class='ocr_line' id='line_1_4' title="bbox 492 1040 2201 1127; baseline -0.002 -15"><span class='ocrx_word' id='word_1_28' title='bbox 492 1057 603 1127; x_wconf 62' lang='grc'><strong>8,,1110</strong></span> <span class='ocrx_word' id='word_1_29' title='bbox 632 1055 707 1111; x_wconf 80' lang='lat' dir='ltr'><strong>iacet</strong></span> <span class='ocrx_word' id='word_1_30' title='bbox 734 1057 823 1125; x_wconf 80' lang='lat' dir='ltr'><strong>caput</strong></span> <span class='ocrx_word' id='word_1_31' title='bbox 850 1049 939 1106; x_wconf 71' lang='lat' dir='ltr'><strong>Anat</strong></span> <span class='ocrx_word' id='word_1_32' title='bbox 988 1043 1095 1107; x_wconf 80' lang='lat' dir='ltr'><strong>Extra</strong></span> <span class='ocrx_word' id='word_1_33' title='bbox 1124 1040 1294 1107; x_wconf 88' lang='lat' dir='ltr'><strong>eeclesiam</strong></span> <span class='ocrx_word' id='word_1_34' title='bbox 1319 1047 1355 1104; x_wconf 91' lang='lat' dir='ltr'><strong>in</strong></span> <span class='ocrx_word' id='word_1_35' title='bbox 1387 1065 1468 1108; x_wconf 87' lang='lat' dir='ltr'><strong>caua</strong></span> <span class='ocrx_word' id='word_1_36' title='bbox 1480 1045 1521 1120; x_wconf 68' lang='grc'><strong>16)</strong></span> <span class='ocrx_word' id='word_1_37' title='bbox 1556 1066 1670 1106; x_wconf 88' lang='lat' dir='ltr'><strong>versus</strong></span> <span class='ocrx_word' id='word_1_38' title='bbox 1699 1042 1949 1127; x_wconf 80' lang='lat' dir='ltr'><strong>septentrionem</strong></span> <span class='ocrx_word' id='word_1_39' title='bbox 1985 1052 2034 1106; x_wconf 89' lang='lat' dir='ltr'><strong>est</strong></span> <span class='ocrx_word' id='word_1_40' title='bbox 2059 1042 2201 1108; x_wconf 87' lang='lat' dir='ltr'><strong>tumulus</strong></span> 
     </span>
     <span class='ocr_line' id='line_1_5' title="bbox 479 1154 2201 1270; baseline -0.004 -40"><span class='ocrx_word' id='word_1_41' title='bbox 479 1154 510 1270; x_wconf 61' lang='lat'><strong>,3</strong></span> <span class='ocrx_word' id='word_1_42' title='bbox 525 1162 643 1250; x_wconf 89' lang='lat' dir='ltr'><strong>Ioseph</strong></span> <span class='ocrx_word' id='word_1_43' title='bbox 665 1161 787 1226; x_wconf 79' lang='lat' dir='ltr'><strong>venditi</strong></span> <span class='ocrx_word' id='word_1_44' title='bbox 808 1163 842 1224; x_wconf 92' lang='lat' dir='ltr'><strong>in</strong></span> <span class='ocrx_word' id='word_1_45' title='bbox 863 1159 1007 1245; x_wconf 76' lang='lat' dir='ltr'><strong>Egypto.</strong></span> <span class='ocrx_word' id='word_1_46' title='bbox 1049 1157 1093 1221; x_wconf 88' lang='lat' dir='ltr'><strong>Et</strong></span> <span class='ocrx_word' id='word_1_47' title='bbox 1114 1156 1248 1220; x_wconf 89' lang='lat' dir='ltr'><strong>multum</strong></span> <span class='ocrx_word' id='word_1_48' title='bbox 1270 1156 1447 1222; x_wconf 89' lang='lat' dir='ltr'><strong>honoratur</strong></span> <span class='ocrx_word' id='word_1_49' title='bbox 1470 1181 1490 1222; x_wconf 88' lang='lat' dir='ltr'><strong>a</strong></span> <span class='ocrx_word' id='word_1_50' title='bbox 1512 1159 1712 1222; x_wconf 78' lang='lat' dir='ltr'><strong>Sarracenis.</strong></span> <span class='ocrx_word' id='word_1_51' title='bbox 1754 1156 1807 1220; x_wconf 87' lang='lat' dir='ltr'><strong>Ad</strong></span> <span class='ocrx_word' id='word_1_52' title='bbox 1835 1158 1956 1221; x_wconf 84' lang='lat' dir='ltr'><strong>iactum</strong></span> <span class='ocrx_word' id='word_1_53' title='bbox 1978 1156 2094 1223; x_wconf 87' lang='lat' dir='ltr'><strong>baliste</strong></span> <span class='ocrx_word' id='word_1_54' title='bbox 2115 1181 2135 1223; x_wconf 87' lang='lat' dir='ltr'><strong>a</strong></span> <span class='ocrx_word' id='word_1_55' title='bbox 2158 1160 2201 1223; x_wconf 92' lang='lat' dir='ltr'><strong>ci-</strong></span> 
     </span>
     <span class='ocr_line' id='line_1_6' title="bbox 525 1272 2203 1362; baseline -0.004 -17"><span class='ocrx_word' id='word_1_56' title='bbox 525 1283 625 1346; x_wconf 87' lang='lat' dir='ltr'><strong>uitate</strong></span> <span class='ocrx_word' id='word_1_57' title='bbox 645 1291 693 1343; x_wconf 88' lang='lat' dir='ltr'><strong>est</strong></span> <span class='ocrx_word' id='word_1_58' title='bbox 715 1278 836 1362; x_wconf 87' lang='lat' dir='ltr'><strong>cripta,</strong></span> <span class='ocrx_word' id='word_1_59' title='bbox 862 1277 896 1338; x_wconf 93' lang='lat' dir='ltr'><strong>in</strong></span> <span class='ocrx_word' id='word_1_60' title='bbox 917 1297 982 1361; x_wconf 88' lang='lat' dir='ltr'><strong>qna</strong></span> <span class='ocrx_word' id='word_1_61' title='bbox 1002 1273 1108 1337; x_wconf 89' lang='lat' dir='ltr'><strong>Adam</strong></span> <span class='ocrx_word' id='word_1_62' title='bbox 1131 1294 1204 1336; x_wconf 89' lang='lat' dir='ltr'><strong>curu</strong></span> <span class='ocrx_word' id='word_1_63' title='bbox 1226 1272 1299 1339; x_wconf 83' lang='lat' dir='ltr'><strong>Eua</strong></span> <span class='ocrx_word' id='word_1_64' title='bbox 1320 1274 1459 1359; x_wconf 88' lang='lat' dir='ltr'><strong>penituit</strong></span> <span class='ocrx_word' id='word_1_65' title='bbox 1481 1286 1609 1337; x_wconf 89' lang='lat' dir='ltr'><strong>eentum</strong></span> <span class='ocrx_word' id='word_1_66' title='bbox 1639 1274 1732 1337; x_wconf 87' lang='lat' dir='ltr'><strong>annis</strong></span> <span class='ocrx_word' id='word_1_67' title='bbox 1754 1282 1828 1358; x_wconf 90' lang='lat' dir='ltr'><strong>post</strong></span> <span class='ocrx_word' id='word_1_68' title='bbox 1856 1286 1991 1338; x_wconf 87' lang='lat' dir='ltr'><strong>mortem</strong></span> <span class='ocrx_word' id='word_1_69' title='bbox 2013 1273 2114 1356; x_wconf 90' lang='lat' dir='ltr'><strong>Abel,</strong></span> <span class='ocrx_word' id='word_1_70' title='bbox 2142 1274 2203 1338; x_wconf 89' lang='lat' dir='ltr'><strong>filii</strong></span> 
     </span>
     <span class='ocr_line' id='line_1_7' title="bbox 477 1387 2204 1481; baseline -0.003 -21"><span class='ocrx_word' id='word_1_71' title='bbox 477 1397 591 1477; x_wconf 90' lang='lat' dir='ltr'><strong>11sui,</strong></span> <span class='ocrx_word' id='word_1_72' title='bbox 624 1416 719 1481; x_wconf 88' lang='lat' dir='ltr'><strong>quem</strong></span> <span class='ocrx_word' id='word_1_73' title='bbox 742 1392 836 1476; x_wconf 81' lang='lat' dir='ltr'><strong>Cayn</strong></span> <span class='ocrx_word' id='word_1_74' title='bbox 856 1389 982 1454; x_wconf 90' lang='lat' dir='ltr'><strong>oceidit.</strong></span> <span class='ocrx_word' id='word_1_75' title='bbox 1024 1387 1153 1451; x_wconf 87' lang='lat' dir='ltr'><strong>Deinde</strong></span> <span class='ocrx_word' id='word_1_76' title='bbox 1174 1387 1282 1452; x_wconf 85' lang='lat' dir='ltr'><strong>Adam</strong></span> <span class='ocrx_word' id='word_1_77' title='bbox 1311 1391 1512 1455; x_wconf 89' lang='lat' dir='ltr'><strong>conmonitus</strong></span> <span class='ocrx_word' id='word_1_78' title='bbox 1543 1388 1584 1453; x_wconf 84' lang='lat' dir='ltr'><strong>ob</strong></span> <span class='ocrx_word' id='word_1_79' title='bbox 1609 1387 1723 1474; x_wconf 79' lang='lat' dir='ltr'><strong>angelo</strong></span> <span class='ocrx_word' id='word_1_80' title='bbox 1754 1390 1905 1473; x_wconf 82' lang='lat' dir='ltr'><strong>cognouit</strong></span> <span class='ocrx_word' id='word_1_81' title='bbox 1924 1388 2046 1472; x_wconf 88' lang='lat' dir='ltr'><strong>Euam,</strong></span> <span class='ocrx_word' id='word_1_82' title='bbox 2075 1390 2115 1455; x_wconf 90' lang='lat' dir='ltr'><strong>de</strong></span> <span class='ocrx_word' id='word_1_83' title='bbox 2138 1413 2204 1478; x_wconf 85' lang='lat' dir='ltr'><strong>qua</strong></span> 
     </span>
     <span class='ocr_line' id='line_1_8' title="bbox 478 1503 2204 1598; baseline -0.003 -23"><span class='ocrx_word' id='word_1_84' title='bbox 478 1533 508 1582; x_wconf 80' lang='lat'><strong>12</strong></span> <span class='ocrx_word' id='word_1_85' title='bbox 526 1513 637 1598; x_wconf 89' lang='lat' dir='ltr'><strong>genuit</strong></span> <span class='ocrx_word' id='word_1_86' title='bbox 657 1510 745 1573; x_wconf 81' lang='lat' dir='ltr'><strong>Seth.</strong></span> <span class='ocrx_word' id='word_1_87' title='bbox 789 1506 917 1571; x_wconf 88' lang='lat' dir='ltr'><strong>Deinde</strong></span> <span class='ocrx_word' id='word_1_88' title='bbox 942 1504 984 1568; x_wconf 91' lang='lat' dir='ltr'><strong>ad</strong></span> <span class='ocrx_word' id='word_1_89' title='bbox 1007 1503 1087 1568; x_wconf 87' lang='lat' dir='ltr'><strong>duos</strong></span> <span class='ocrx_word' id='word_1_90' title='bbox 1108 1504 1212 1568; x_wconf 89' lang='lat' dir='ltr'><strong>iactus</strong></span> <span class='ocrx_word' id='word_1_91' title='bbox 1233 1504 1353 1569; x_wconf 85' lang='lat' dir='ltr'><strong>baliste</strong></span> <span class='ocrx_word' id='word_1_92' title='bbox 1376 1516 1424 1568; x_wconf 93' lang='lat' dir='ltr'><strong>est</strong></span> <span class='ocrx_word' id='word_1_93' title='bbox 1437 1514 1515 1583; x_wconf 80' lang='lat' dir='ltr'><strong>sons</strong></span> <span class='ocrx_word' id='word_1_94' title='bbox 1536 1509 1616 1565; x_wconf 79' lang='lat' dir='ltr'><strong>beate</strong></span> <span class='ocrx_word' id='word_1_95' title='bbox 1639 1508 1782 1583; x_wconf 68' lang='lat' dir='ltr'><strong>hirpinis,</strong></span> <span class='ocrx_word' id='word_1_96' title='bbox 1812 1503 1851 1568; x_wconf 91' lang='lat' dir='ltr'><strong>de.</strong></span> <span class='ocrx_word' id='word_1_97' title='bbox 1883 1527 1945 1591; x_wconf 89' lang='lat' dir='ltr'><strong>quo</strong></span> <span class='ocrx_word' id='word_1_98' title='bbox 1973 1507 2046 1592; x_wconf 87' lang='lat' dir='ltr'><strong>ipsa</strong></span> <span class='ocrx_word' id='word_1_99' title='bbox 2068 1504 2151 1570; x_wconf 86' lang='lat' dir='ltr'><strong>bibit</strong></span> <span class='ocrx_word' id='word_1_100' title='bbox 2171 1515 2204 1571; x_wconf 88' lang='lat' dir='ltr'><strong>et</strong></span> 
     </span>
     <span class='ocr_line' id='line_1_9' title="bbox 526 1623 917 1712; baseline -0.018 -21"><span class='ocrx_word' id='word_1_101' title='bbox 526 1627 607 1692; x_wconf 87' lang='lat' dir='ltr'><strong>lauit</strong></span> <span class='ocrx_word' id='word_1_102' title='bbox 630 1648 755 1712; x_wconf 89' lang='lat' dir='ltr'><strong>pannos</strong></span> <span class='ocrx_word' id='word_1_103' title='bbox 776 1623 835 1686; x_wconf 90' lang='lat' dir='ltr'><strong>lilii</strong></span> <span class='ocrx_word' id='word_1_104' title='bbox 858 1623 917 1685; x_wconf 90' lang='lat' dir='ltr'><strong>sui.</strong></span> 
     </span>
     <span class='ocr_line' id='line_1_10' title="bbox 496 1750 2206 1842; baseline -0.004 -20"><span class='ocrx_word' id='word_1_105' title='bbox 496 1778 508 1828; x_wconf 89' lang='lat'>1</span> <span class='ocrx_word' id='word_1_106' title='bbox 653 1759 733 1842; x_wconf 83' lang='lat' dir='ltr'><strong>Cap.</strong></span> <span class='ocrx_word' id='word_1_107' title='bbox 755 1755 873 1818; x_wconf 89' lang='lat' dir='ltr'>XLIII.</span> <span class='ocrx_word' id='word_1_108' title='bbox 917 1751 1064 1818; x_wconf 79' lang='lat' dir='ltr'><strong>Sectmdo</strong></span> <span class='ocrx_word' id='word_1_109' title='bbox 1085 1752 1226 1815; x_wconf 89' lang='lat' dir='ltr'><strong>miliario</strong></span> <span class='ocrx_word' id='word_1_110' title='bbox 1249 1750 1291 1814; x_wconf 92' lang='lat' dir='ltr'><strong>ab</strong></span> <span class='ocrx_word' id='word_1_111' title='bbox 1306 1750 1421 1814; x_wconf 87' lang='lat' dir='ltr'><strong>Ebron</strong></span> <span class='ocrx_word' id='word_1_112' title='bbox 1442 1773 1556 1815; x_wconf 88' lang='lat' dir='ltr'><strong>versus</strong></span> <span class='ocrx_word' id='word_1_113' title='bbox 1577 1751 1743 1815; x_wconf 84' lang='lat' dir='ltr'><strong>meridiem</strong></span> <span class='ocrx_word' id='word_1_114' title='bbox 1765 1753 1800 1816; x_wconf 91' lang='lat' dir='ltr'><strong>in</strong></span> <span class='ocrx_word' id='word_1_115' title='bbox 1821 1751 1926 1816; x_wconf 91' lang='lat' dir='ltr'><strong>medio</strong></span> <span class='ocrx_word' id='word_1_116' title='bbox 1948 1754 2021 1838; x_wconf 84' lang='lat' dir='ltr'><strong>egri</strong></span> <span class='ocrx_word' id='word_1_117' title='bbox 2042 1766 2091 1816; x_wconf 90' lang='lat' dir='ltr'><strong>est</strong></span> <span class='ocrx_word' id='word_1_118' title='bbox 2106 1752 2206 1838; x_wconf 76' lang='lat' dir='ltr'><strong>gleba</strong></span> 
     </span>
     <span class='ocr_line' id='line_1_11' title="bbox 496 1865 2206 1957; baseline -0.005 -17"><span class='ocrx_word' id='word_1_119' title='bbox 496 1873 699 1950; x_wconf 64' lang='lat' dir='ltr'><strong>erubeseo,</strong></span> <span class='ocrx_word' id='word_1_120' title='bbox 730 1893 792 1957; x_wconf 86' lang='lat' dir='ltr'><strong>qne</strong></span> <span class='ocrx_word' id='word_1_121' title='bbox 820 1869 861 1933; x_wconf 88' lang='lat' dir='ltr'><strong>ab</strong></span> <span class='ocrx_word' id='word_1_122' title='bbox 889 1868 1002 1933; x_wconf 90' lang='lat' dir='ltr'><strong>incelis</strong></span> <span class='ocrx_word' id='word_1_123' title='bbox 1031 1867 1151 1931; x_wconf 85' lang='lat' dir='ltr'><strong>foditur</strong></span> <span class='ocrx_word' id='word_1_124' title='bbox 1180 1880 1211 1931; x_wconf 89' lang='lat' dir='ltr'><strong>et</strong></span> <span class='ocrx_word' id='word_1_125' title='bbox 1238 1866 1428 1931; x_wconf 87' lang='lat' dir='ltr'><strong>comedit-ur.</strong></span> <span class='ocrx_word' id='word_1_126' title='bbox 1471 1865 1542 1946; x_wconf 76' lang='lat' dir='ltr'><strong>Qus</strong></span> <span class='ocrx_word' id='word_1_127' title='bbox 1571 1891 1628 1952; x_wconf 89' lang='lat' dir='ltr'><strong>per</strong></span> <span class='ocrx_word' id='word_1_128' title='bbox 1649 1866 1815 1954; x_wconf 81' lang='lat' dir='ltr'><strong>Egyptnm</strong></span> <span class='ocrx_word' id='word_1_129' title='bbox 1843 1867 1966 1932; x_wconf 84' lang='lat' dir='ltr'><strong>venalis</strong></span> <span class='ocrx_word' id='word_1_130' title='bbox 1998 1877 2146 1954; x_wconf 83' lang='lat' dir='ltr'><strong>portatur</strong></span> <span class='ocrx_word' id='word_1_131' title='bbox 2173 1878 2206 1933; x_wconf 90' lang='lat' dir='ltr'><strong>et</strong></span> 
     </span>
     <span class='ocr_line' id='line_1_12' title="bbox 497 1982 2205 2077; baseline -0.004 -23"><span class='ocrx_word' id='word_1_132' title='bbox 497 2012 590 2077; x_wconf 71' lang='lat' dir='ltr'><strong>apro</strong></span> <span class='ocrx_word' id='word_1_133' title='bbox 613 1986 782 2074; x_wconf 81' lang='lat' dir='ltr'><strong>speciebus</strong></span> <span class='ocrx_word' id='word_1_134' title='bbox 804 1987 981 2050; x_wconf 81' lang='lat' dir='ltr'><strong>carissimis</strong></span> <span class='ocrx_word' id='word_1_135' title='bbox 1004 1985 1128 2048; x_wconf 89' lang='lat' dir='ltr'><strong>emitur.</strong></span> <span class='ocrx_word' id='word_1_136' title='bbox 1173 1983 1217 2046; x_wconf 87' lang='lat' dir='ltr'><strong>Et</strong></span> <span class='ocrx_word' id='word_1_137' title='bbox 1246 1994 1537 2068; x_wconf 87' lang='lat' dir='ltr'><strong>quantumcumque</strong></span> <span class='ocrx_word' id='word_1_138' title='bbox 1569 1982 1734 2063; x_wconf 84' lang='lat' dir='ltr'><strong>effoditur,</strong></span> <span class='ocrx_word' id='word_1_139' title='bbox 1763 2005 1841 2068; x_wconf 85' lang='lat' dir='ltr'><strong>ager</strong></span> <span class='ocrx_word' id='word_1_140' title='bbox 1871 1983 1961 2047; x_wconf 93' lang='lat' dir='ltr'><strong>finito</strong></span> <span class='ocrx_word' id='word_1_141' title='bbox 1983 2006 2066 2048; x_wconf 87' lang='lat' dir='ltr'><strong>anno</strong></span> <span class='ocrx_word' id='word_1_142' title='bbox 2089 1986 2205 2048; x_wconf 90' lang='lat' dir='ltr'><strong>reinte-</strong></span> 
     </span>
     <span class='ocr_line' id='line_1_13' title="bbox 531 2103 837 2191; baseline -0.02 -22"><span class='ocrx_word' id='word_1_143' title='bbox 531 2115 644 2191; x_wconf 82' lang='lat' dir='ltr'><strong>gratus</strong></span> <span class='ocrx_word' id='word_1_144' title='bbox 666 2103 837 2188; x_wconf 87' lang='lat' dir='ltr'><strong>reperitur.</strong></span> 
     </span>
     <span class='ocr_line' id='line_1_14' title="bbox 500 2228 2206 2320; baseline -0.002 -21"><span class='ocrx_word' id='word_1_145' title='bbox 500 2261 511 2310; x_wconf 87' lang='lat'>1</span> <span class='ocrx_word' id='word_1_146' title='bbox 655 2235 736 2320; x_wconf 86' lang='lat' dir='ltr'><strong>Cap.</strong></span> <span class='ocrx_word' id='word_1_147' title='bbox 755 2231 876 2296; x_wconf 84' lang='lat' dir='ltr'>XLIV.</span> <span class='ocrx_word' id='word_1_148' title='bbox 920 2230 1068 2294; x_wconf 72' lang='lat' dir='ltr'><strong>Secunde</strong></span> <span class='ocrx_word' id='word_1_149' title='bbox 1089 2230 1228 2294; x_wconf 90' lang='lat' dir='ltr'><strong>miliario</strong></span> <span class='ocrx_word' id='word_1_150' title='bbox 1249 2251 1364 2293; x_wconf 86' lang='lat' dir='ltr'><strong>versus</strong></span> <span class='ocrx_word' id='word_1_151' title='bbox 1386 2228 1551 2292; x_wconf 86' lang='lat' dir='ltr'><strong>Betlehem</strong></span> <span class='ocrx_word' id='word_1_152' title='bbox 1577 2229 1618 2293; x_wconf 85' lang='lat' dir='ltr'><strong>ab</strong></span> <span class='ocrx_word' id='word_1_153' title='bbox 1641 2229 1753 2294; x_wconf 86' lang='lat' dir='ltr'><strong>Ebron</strong></span> <span class='ocrx_word' id='word_1_154' title='bbox 1776 2242 1823 2294; x_wconf 91' lang='lat' dir='ltr'><strong>est</strong></span> <span class='ocrx_word' id='word_1_155' title='bbox 1845 2231 1952 2312; x_wconf 90' lang='lat' dir='ltr'><strong>loeus,</strong></span> <span class='ocrx_word' id='word_1_156' title='bbox 1975 2229 2031 2294; x_wconf 90' lang='lat' dir='ltr'><strong>vbi</strong></span> <span class='ocrx_word' id='word_1_157' title='bbox 2052 2231 2151 2295; x_wconf 87' lang='lat' dir='ltr'><strong>lonas</strong></span> <span class='ocrx_word' id='word_1_158' title='bbox 2164 2231 2206 2308; x_wconf 59' lang='lat'><strong>9⁸)</strong></span> 
     </span>
     <span class='ocr_line' id='line_1_15' title="bbox 500 2344 2010 2439; baseline -0.004 -22"><span class='ocrx_word' id='word_1_159' title='bbox 500 2351 694 2439; x_wconf 78' lang='lat' dir='ltr'><strong>apropheta</strong></span> <span class='ocrx_word' id='word_1_160' title='bbox 715 2348 877 2429; x_wconf 84' lang='lat' dir='ltr'><strong>manebat,</strong></span> <span class='ocrx_word' id='word_1_161' title='bbox 899 2359 1069 2432; x_wconf 85' lang='lat' dir='ltr'><strong>postquam</strong></span> <span class='ocrx_word' id='word_1_162' title='bbox 1090 2348 1178 2410; x_wconf 90' lang='lat' dir='ltr'><strong>venit</strong></span> <span class='ocrx_word' id='word_1_163' title='bbox 1201 2346 1241 2409; x_wconf 92' lang='lat' dir='ltr'><strong>de</strong></span> <span class='ocrx_word' id='word_1_164' title='bbox 1262 2347 1389 2410; x_wconf 89' lang='lat' dir='ltr'><strong>Niniue.</strong></span> <span class='ocrx_word' id='word_1_165' title='bbox 1433 2344 1478 2409; x_wconf 87' lang='lat' dir='ltr'><strong>Et</strong></span> <span class='ocrx_word' id='word_1_166' title='bbox 1498 2344 1544 2407; x_wconf 90' lang='lat' dir='ltr'><strong>ibi</strong></span> <span class='ocrx_word' id='word_1_167' title='bbox 1566 2357 1710 2409; x_wconf 90' lang='lat' dir='ltr'><strong>mortuus</strong></span> <span class='ocrx_word' id='word_1_168' title='bbox 1732 2360 1780 2410; x_wconf 91' lang='lat' dir='ltr'><strong>est</strong></span> <span class='ocrx_word' id='word_1_169' title='bbox 1802 2358 1833 2410; x_wconf 92' lang='lat' dir='ltr'><strong>et</strong></span> <span class='ocrx_word' id='word_1_170' title='bbox 1856 2346 2010 2433; x_wconf 86' lang='lat' dir='ltr'><strong>sepultus.</strong></span> 
     </span>
    </p>
   </div>
   <div class='ocr_carea' id='block_1_3' title="bbox 482 2475 2209 3393">
    <p class='ocr_par' dir='ltr' id='par_1_3' title="bbox 502 2475 2206 2681">
     <span class='ocr_line' id='line_1_16' title="bbox 502 2475 2205 2566; baseline 0 -22"><span class='ocrx_word' id='word_1_171' title='bbox 502 2507 513 2556; x_wconf 87' lang='lat'>1</span> <span class='ocrx_word' id='word_1_172' title='bbox 657 2481 736 2566; x_wconf 84' lang='lat' dir='ltr'><strong>Cap.</strong></span> <span class='ocrx_word' id='word_1_173' title='bbox 759 2478 860 2543; x_wconf 89' lang='lat' dir='ltr'>XLV.</span> <span class='ocrx_word' id='word_1_174' title='bbox 905 2477 1053 2542; x_wconf 82' lang='lat' dir='ltr'><strong>Secundo</strong></span> <span class='ocrx_word' id='word_1_175' title='bbox 1076 2477 1264 2552; x_wconf 66' lang='lat' dir='ltr'><strong>nntisriott)</strong></span> <span class='ocrx_word' id='word_1_176' title='bbox 1294 2476 1335 2540; x_wconf 90' lang='lat' dir='ltr'><strong>ab</strong></span> <span class='ocrx_word' id='word_1_177' title='bbox 1356 2475 1468 2541; x_wconf 86' lang='lat' dir='ltr'><strong>Ebron</strong></span> <span class='ocrx_word' id='word_1_178' title='bbox 1490 2499 1604 2541; x_wconf 76' lang='lat' dir='ltr'><strong>versus</strong></span> <span class='ocrx_word' id='word_1_179' title='bbox 1627 2476 1792 2541; x_wconf 85' lang='lat' dir='ltr'><strong>meridiem</strong></span> <span class='ocrx_word' id='word_1_180' title='bbox 1814 2488 1862 2540; x_wconf 93' lang='lat' dir='ltr'><strong>est</strong></span> <span class='ocrx_word' id='word_1_181' title='bbox 1883 2477 1991 2560; x_wconf 89' lang='lat' dir='ltr'><strong>locus,</strong></span> <span class='ocrx_word' id='word_1_182' title='bbox 2020 2478 2077 2543; x_wconf 91' lang='lat' dir='ltr'><strong>vbi</strong></span> <span class='ocrx_word' id='word_1_183' title='bbox 2098 2479 2205 2544; x_wconf 81' lang='lat' dir='ltr'><strong>Abre-</strong></span> 
     </span>
     <span class='ocr_line' id='line_1_17' title="bbox 533 2590 2206 2681; baseline -0.002 -18"><span class='ocrx_word' id='word_1_184' title='bbox 533 2599 607 2663; x_wconf 87' lang='lat' dir='ltr'><strong>ham</strong></span> <span class='ocrx_word' id='word_1_185' title='bbox 632 2598 737 2661; x_wconf 90' lang='lat' dir='ltr'><strong>orauit</strong></span> <span class='ocrx_word' id='word_1_186' title='bbox 764 2617 824 2681; x_wconf 94' lang='lat' dir='ltr'><strong>pro</strong></span> <span class='ocrx_word' id='word_1_187' title='bbox 846 2593 947 2674; x_wconf 90' lang='lat' dir='ltr'><strong>Loth,</strong></span> <span class='ocrx_word' id='word_1_188' title='bbox 976 2592 1106 2679; x_wconf 74' lang='lat' dir='ltr'><strong>quamdo</strong></span> <span class='ocrx_word' id='word_1_189' title='bbox 1127 2594 1216 2656; x_wconf 91' lang='lat' dir='ltr'><strong>venit</strong></span> <span class='ocrx_word' id='word_1_190' title='bbox 1238 2592 1277 2655; x_wconf 89' lang='lat' dir='ltr'><strong>de</strong></span> <span class='ocrx_word' id='word_1_191' title='bbox 1301 2590 1419 2676; x_wconf 86' lang='lat' dir='ltr'><strong>Segor,</strong></span> <span class='ocrx_word' id='word_1_192' title='bbox 1448 2614 1467 2654; x_wconf 88' lang='lat' dir='ltr'><strong>a</strong></span> <span class='ocrx_word' id='word_1_193' title='bbox 1490 2592 1699 2657; x_wconf 79' lang='lat' dir='ltr'><strong>sirbucrsione</strong></span> <span class='ocrx_word' id='word_1_194' title='bbox 1728 2595 1869 2657; x_wconf 85' lang='lat' dir='ltr'><strong>ciuitatis</strong></span> <span class='ocrx_word' id='word_1_195' title='bbox 1892 2593 2043 2680; x_wconf 84' lang='lat' dir='ltr'><strong>precibus</strong></span> <span class='ocrx_word' id='word_1_196' title='bbox 2066 2597 2134 2659; x_wconf 91' lang='lat' dir='ltr'><strong>eius</strong></span> <span class='ocrx_word' id='word_1_197' title='bbox 2157 2618 2206 2660; x_wconf 90' lang='lat' dir='ltr'><strong>re-</strong></span> 
     </span>
    </p>

    <p class='ocr_par' dir='ltr' id='par_1_4' title="bbox 482 2707 2208 2894">
     <span class='ocr_line' id='line_1_18' title="bbox 482 2707 2208 2820; baseline -0.002 -42"><span class='ocrx_word' id='word_1_198' title='bbox 482 2727 516 2820; x_wconf 41' lang='lat'><strong>&#39;2</strong></span> <span class='ocrx_word' id='word_1_199' title='bbox 534 2727 671 2780; x_wconf 84' lang='lat' dir='ltr'><strong>seruata.</strong></span> <span class='ocrx_word' id='word_1_200' title='bbox 712 2710 762 2775; x_wconf 91' lang='lat' dir='ltr'><strong>lbi</strong></span> <span class='ocrx_word' id='word_1_201' title='bbox 785 2712 877 2773; x_wconf 86' lang='lat' dir='ltr'><strong>iuxta</strong></span> <span class='ocrx_word' id='word_1_202' title='bbox 900 2720 947 2772; x_wconf 89' lang='lat' dir='ltr'><strong>est</strong></span> <span class='ocrx_word' id='word_1_203' title='bbox 969 2707 1069 2789; x_wconf 88' lang='lat' dir='ltr'><strong>locus,</strong></span> <span class='ocrx_word' id='word_1_204' title='bbox 1092 2707 1148 2772; x_wconf 93' lang='lat' dir='ltr'><strong>vbi</strong></span> <span class='ocrx_word' id='word_1_205' title='bbox 1165 2709 1258 2793; x_wconf 81' lang='lat' dir='ltr'><strong>Gayn</strong></span> <span class='ocrx_word' id='word_1_206' title='bbox 1279 2707 1396 2771; x_wconf 85' lang='lat' dir='ltr'><strong>oceidit</strong></span> <span class='ocrx_word' id='word_1_207' title='bbox 1418 2707 1549 2771; x_wconf 88' lang='lat' dir='ltr'><strong>fratrem</strong></span> <span class='ocrx_word' id='word_1_208' title='bbox 1574 2731 1663 2771; x_wconf 90' lang='lat' dir='ltr'><strong>suum</strong></span> <span class='ocrx_word' id='word_1_209' title='bbox 1686 2707 1768 2772; x_wconf 81' lang='lat' dir='ltr'><strong>Abel</strong></span> <span class='ocrx_word' id='word_1_210' title='bbox 1792 2710 1824 2771; x_wconf 94' lang='lat' dir='ltr'><strong>in</strong></span> <span class='ocrx_word' id='word_1_211' title='bbox 1846 2731 1960 2794; x_wconf 87' lang='lat' dir='ltr'><strong>campo</strong></span> <span class='ocrx_word' id='word_1_212' title='bbox 1982 2711 2075 2773; x_wconf 66' lang='lat' dir='ltr'><strong>insta</strong></span> <span class='ocrx_word' id='word_1_213' title='bbox 2093 2733 2208 2796; x_wconf 88' lang='lat' dir='ltr'><strong>agrum</strong></span> 
     </span>
     <span class='ocr_line' id='line_1_19' title="bbox 533 2831 782 2894; baseline -0.024 0"><span class='ocrx_word' id='word_1_214' title='bbox 533 2831 782 2894; x_wconf 85' lang='lat' dir='ltr'><strong>Darnasccnum.</strong></span> 
     </span>
    </p>

    <p class='ocr_par' dir='ltr' id='par_1_5' title="bbox 503 2953 2209 3161">
     <span class='ocr_line' id='line_1_20' title="bbox 503 2953 2207 3046; baseline 0.005 -31"><span class='ocrx_word' id='word_1_215' title='bbox 503 2967 514 3015; x_wconf 92' lang='grc'>1</span> <span class='ocrx_word' id='word_1_216' title='bbox 659 2958 738 3043; x_wconf 83' lang='lat' dir='ltr'><strong>Cap.</strong></span> <span class='ocrx_word' id='word_1_217' title='bbox 762 2955 881 3019; x_wconf 82' lang='lat' dir='ltr'>XLVI.</span> <span class='ocrx_word' id='word_1_218' title='bbox 925 2957 1031 3040; x_wconf 69' lang='lat' dir='ltr'><strong>Supra</strong></span> <span class='ocrx_word' id='word_1_219' title='bbox 1052 2954 1164 3018; x_wconf 87' lang='lat' dir='ltr'><strong>Ebron</strong></span> <span class='ocrx_word' id='word_1_220' title='bbox 1192 2957 1246 3018; x_wconf 89' lang='lat' dir='ltr'><strong>via</strong></span> <span class='ocrx_word' id='word_1_221' title='bbox 1268 2954 1373 3018; x_wconf 75' lang='lat' dir='ltr'><strong>inedie</strong></span> <span class='ocrx_word' id='word_1_222' title='bbox 1401 2953 1485 3018; x_wconf 88' lang='lat' dir='ltr'><strong>‹liete</strong></span> <span class='ocrx_word' id='word_1_223' title='bbox 1508 2955 1549 3018; x_wconf 85' lang='lat' dir='ltr'><strong>ad</strong></span> <span class='ocrx_word' id='word_1_224' title='bbox 1572 2955 1734 3019; x_wconf 78' lang='lat' dir='ltr'><strong>desertum</strong></span> <span class='ocrx_word' id='word_1_225' title='bbox 1757 2959 1851 3020; x_wconf 68' lang='lat' dir='ltr'><strong>Surio</strong></span> <span class='ocrx_word' id='word_1_226' title='bbox 1881 2956 1933 3020; x_wconf 89' lang='lat' dir='ltr'><strong>vel</strong></span> <span class='ocrx_word' id='word_1_227' title='bbox 1955 2959 2057 3039; x_wconf 77' lang='lat' dir='ltr'><strong>Sirie,</strong></span> <span class='ocrx_word' id='word_1_228' title='bbox 2089 2961 2123 3021; x_wconf 93' lang='lat' dir='ltr'><strong>in</strong></span> <span class='ocrx_word' id='word_1_229' title='bbox 2144 2982 2207 3046; x_wconf 91' lang='lat' dir='ltr'><strong>quo</strong></span> 
     </span>
     <span class='ocr_line' id='line_1_21' title="bbox 534 3068 2209 3161; baseline 0.001 -24"><span class='ocrx_word' id='word_1_230' title='bbox 534 3077 723 3161; x_wconf 76' lang='lat' dir='ltr'><strong>vagtmt¹¹&#39;⁸¹)</strong></span> <span class='ocrx_word' id='word_1_231' title='bbox 751 3072 897 3135; x_wconf 89' lang='lat' dir='ltr'><strong>homines</strong></span> <span class='ocrx_word' id='word_1_232' title='bbox 917 3068 1101 3149; x_wconf 84' lang='lat' dir='ltr'><strong>siluestres,</strong></span> <span class='ocrx_word' id='word_1_233' title='bbox 1132 3069 1254 3134; x_wconf 86' lang='lat' dir='ltr'><strong>seilicet</strong></span> <span class='ocrx_word' id='word_1_234' title='bbox 1276 3068 1446 3133; x_wconf 86' lang='lat' dir='ltr'><strong>Badewini</strong></span> <span class='ocrx_word' id='word_1_235' title='bbox 1462 3073 1531 3146; x_wconf 67' lang='grc' dir='ltr'><strong>Ι11),</strong></span> <span class='ocrx_word' id='word_1_236' title='bbox 1564 3071 1701 3137; x_wconf 88' lang='lat' dir='ltr'><strong>habetur</strong></span> <span class='ocrx_word' id='word_1_237' title='bbox 1730 3072 1865 3158; x_wconf 86' lang='lat' dir='ltr'><strong>pulchra</strong></span> <span class='ocrx_word' id='word_1_238' title='bbox 1886 3076 2017 3154; x_wconf 87' lang='lat' dir='ltr'><strong>ciuitas,</strong></span> <span class='ocrx_word' id='word_1_239' title='bbox 2049 3096 2135 3138; x_wconf 91' lang='lat' dir='ltr'><strong>nunc</strong></span> <span class='ocrx_word' id='word_1_240' title='bbox 2157 3075 2209 3139; x_wconf 92' lang='lat' dir='ltr'><strong>de·</strong></span> 
     </span>
    </p>

    <p class='ocr_par' dir='ltr' id='par_1_6' title="bbox 502 3185 2207 3393">
     <span class='ocr_line' id='line_1_22' title="bbox 502 3185 2207 3272; baseline -0.001 -15"><span class='ocrx_word' id='word_1_241' title='bbox 502 3203 639 3272; x_wconf 74' lang='lat' dir='ltr'><strong>oserta,</strong></span> <span class='ocrx_word' id='word_1_242' title='bbox 667 3192 814 3251; x_wconf 81' lang='lat' dir='ltr'><strong>Bersabee</strong></span> <span class='ocrx_word' id='word_1_243' title='bbox 835 3194 967 3263; x_wconf 89' lang='lat' dir='ltr'><strong>vocata,</strong></span> <span class='ocrx_word' id='word_1_244' title='bbox 999 3207 1061 3269; x_wconf 90' lang='lat' dir='ltr'><strong>que</strong></span> <span class='ocrx_word' id='word_1_245' title='bbox 1083 3197 1132 3249; x_wconf 89' lang='lat' dir='ltr'><strong>est</strong></span> <span class='ocrx_word' id='word_1_246' title='bbox 1151 3187 1285 3250; x_wconf 88' lang='lat' dir='ltr'><strong>inicium</strong></span> <span class='ocrx_word' id='word_1_247' title='bbox 1304 3185 1403 3249; x_wconf 89' lang='lat' dir='ltr'><strong>ludeo</strong></span> <span class='ocrx_word' id='word_1_248' title='bbox 1424 3209 1479 3248; x_wconf 89' lang='lat' dir='ltr'><strong>sen</strong></span> <span class='ocrx_word' id='word_1_249' title='bbox 1501 3195 1586 3249; x_wconf 90' lang='lat' dir='ltr'><strong>terre</strong></span> <span class='ocrx_word' id='word_1_250' title='bbox 1610 3189 1842 3272; x_wconf 86' lang='lat' dir='ltr'><strong>promissionis.</strong></span> <span class='ocrx_word' id='word_1_251' title='bbox 1887 3189 1956 3253; x_wconf 93' lang='lat' dir='ltr'><strong>Hee</strong></span> <span class='ocrx_word' id='word_1_252' title='bbox 1978 3200 2048 3253; x_wconf 87' lang='lat' dir='ltr'><strong>erat</strong></span> <span class='ocrx_word' id='word_1_253' title='bbox 2067 3188 2154 3256; x_wconf 89' lang='lat' dir='ltr'><strong>bona</strong></span> <span class='ocrx_word' id='word_1_254' title='bbox 2175 3199 2207 3257; x_wconf 82' lang='lat' dir='ltr'><strong>et</strong></span> 
     </span>
     <span class='ocr_line' id='line_1_23' title="bbox 536 3299 1316 3393; baseline -0.009 -21"><span class='ocrx_word' id='word_1_255' title='bbox 536 3303 725 3393; x_wconf 89' lang='lat' dir='ltr'><strong>spectabilis</strong></span> <span class='ocrx_word' id='word_1_256' title='bbox 746 3301 858 3365; x_wconf 90' lang='lat' dir='ltr'><strong>vltimo</strong></span> <span class='ocrx_word' id='word_1_257' title='bbox 880 3311 1026 3386; x_wconf 91' lang='lat' dir='ltr'><strong>tempore</strong></span> <span class='ocrx_word' id='word_1_258' title='bbox 1048 3299 1316 3367; x_wconf 84' lang='lat' dir='ltr'><strong>Christianorum.</strong></span> 
     </span>
    </p>
   </div>
   <div class='ocr_carea' id='block_1_4' title="bbox 503 3432 2207 3556">
    <p class='ocr_par' dir='ltr' id='par_1_7' title="bbox 503 3432 2207 3556">
     <span class='ocr_line' id='line_1_24' title="bbox 503 3432 2207 3556; baseline 0.005 -58"><span class='ocrx_word' id='word_1_259' title='bbox 503 3438 519 3556; x_wconf 57' lang='grc' dir='ltr'><em>Ξ</em></span> <span class='ocrx_word' id='word_1_260' title='bbox 658 3435 690 3500; x_wconf 88' lang='lat' dir='ltr'>A</span> <span class='ocrx_word' id='word_1_261' title='bbox 711 3433 824 3499; x_wconf 87' lang='lat' dir='ltr'><strong>Ebron</strong></span> <span class='ocrx_word' id='word_1_262' title='bbox 846 3433 962 3520; x_wconf 86' lang='lat' dir='ltr'><strong>incipit</strong></span> <span class='ocrx_word' id='word_1_263' title='bbox 982 3432 1077 3497; x_wconf 88' lang='lat' dir='ltr'><strong>vallis</strong></span> <span class='ocrx_word' id='word_1_264' title='bbox 1099 3437 1250 3512; x_wconf 66' lang='lat' dir='ltr'><strong>orauere,</strong></span> <span class='ocrx_word' id='word_1_265' title='bbox 1277 3455 1340 3522; x_wconf 91' lang='lat' dir='ltr'><strong>que</strong></span> <span class='ocrx_word' id='word_1_266' title='bbox 1366 3434 1568 3521; x_wconf 88' lang='lat' dir='ltr'><strong>protenditur</strong></span> <span class='ocrx_word' id='word_1_267' title='bbox 1596 3437 1663 3499; x_wconf 84' lang='lat' dir='ltr'><strong>sere</strong></span> <span class='ocrx_word' id='word_1_268' title='bbox 1693 3458 1793 3523; x_wconf 89' lang='lat' dir='ltr'><strong>vsque</strong></span> <span class='ocrx_word' id='word_1_269' title='bbox 1813 3435 2021 3502; x_wconf 87' lang='lat' dir='ltr'><strong>Iherusalem.</strong></span> <span class='ocrx_word' id='word_1_270' title='bbox 2064 3439 2139 3505; x_wconf 89' lang='lat' dir='ltr'><strong>Non</strong></span> <span class='ocrx_word' id='word_1_271' title='bbox 2160 3461 2207 3506; x_wconf 87' lang='lat' dir='ltr'><strong>rc·</strong></span> 
     </span>
    </p>
   </div>
   <div class='ocr_carea' id='block_1_5' title="bbox 504 3549 2210 3893">
    <p class='ocr_par' dir='ltr' id='par_1_8' title="bbox 504 3549 2210 3893">
     <span class='ocr_line' id='line_1_25' title="bbox 536 3549 2210 3641; baseline 0.001 -21"><span class='ocrx_word' id='word_1_272' title='bbox 536 3566 622 3619; x_wconf 91' lang='lat' dir='ltr'><strong>mote</strong></span> <span class='ocrx_word' id='word_1_273' title='bbox 643 3551 684 3617; x_wconf 90' lang='lat' dir='ltr'><strong>ab</strong></span> <span class='ocrx_word' id='word_1_274' title='bbox 706 3549 817 3613; x_wconf 82' lang='lat' dir='ltr'><strong>Ebron</strong></span> <span class='ocrx_word' id='word_1_275' title='bbox 841 3560 890 3614; x_wconf 91' lang='lat' dir='ltr'><strong>est</strong></span> <span class='ocrx_word' id='word_1_276' title='bbox 911 3572 1001 3613; x_wconf 90' lang='lat' dir='ltr'><strong>mons</strong></span> <span class='ocrx_word' id='word_1_277' title='bbox 1023 3554 1173 3625; x_wconf 80' lang='lat' dir='ltr'><strong>Mambre,</strong></span> <span class='ocrx_word' id='word_1_278' title='bbox 1202 3564 1233 3614; x_wconf 90' lang='lat' dir='ltr'><strong>et</strong></span> <span class='ocrx_word' id='word_1_279' title='bbox 1261 3553 1294 3614; x_wconf 93' lang='lat' dir='ltr'><strong>in</strong></span> <span class='ocrx_word' id='word_1_280' title='bbox 1322 3552 1394 3637; x_wconf 92' lang='lat' dir='ltr'><strong>ipso</strong></span> <span class='ocrx_word' id='word_1_281' title='bbox 1424 3561 1530 3615; x_wconf 89' lang='lat' dir='ltr'><strong>monte</strong></span> <span class='ocrx_word' id='word_1_282' title='bbox 1561 3564 1624 3615; x_wconf 82' lang='lat' dir='ltr'><strong>stet</strong></span> <span class='ocrx_word' id='word_1_283' title='bbox 1650 3552 1766 3633; x_wconf 87' lang='lat' dir='ltr'><strong>arbor,</strong></span> <span class='ocrx_word' id='word_1_284' title='bbox 1796 3551 1918 3616; x_wconf 87' lang='lat' dir='ltr'><strong>seilicet</strong></span> <span class='ocrx_word' id='word_1_285' title='bbox 1947 3575 2085 3640; x_wconf 91' lang='lat' dir='ltr'><strong>quereus</strong></span> <span class='ocrx_word' id='word_1_286' title='bbox 2107 3557 2210 3641; x_wconf 83' lang='lat' dir='ltr'><strong>arida,</strong></span> 
     </span>
     <span class='ocr_line' id='line_1_26' title="bbox 538 3664 2210 3758; baseline 0.002 -24"><span class='ocrx_word' id='word_1_287' title='bbox 538 3692 598 3758; x_wconf 91' lang='lat' dir='ltr'><strong>que</strong></span> <span class='ocrx_word' id='word_1_288' title='bbox 622 3668 663 3732; x_wconf 91' lang='lat' dir='ltr'><strong>ab</strong></span> <span class='ocrx_word' id='word_1_289' title='bbox 684 3666 875 3751; x_wconf 83' lang='lat' dir='ltr'><strong>antiquitate</strong></span> <span class='ocrx_word' id='word_1_290' title='bbox 897 3686 956 3727; x_wconf 86' lang='lat' dir='ltr'><strong>sua</strong></span> <span class='ocrx_word' id='word_1_291' title='bbox 979 3664 1120 3749; x_wconf 81' lang='lat' dir='ltr'><strong>speciale</strong></span> <span class='ocrx_word' id='word_1_292' title='bbox 1143 3665 1205 3728; x_wconf 93' lang='lat' dir='ltr'><strong>sibi</strong></span> <span class='ocrx_word' id='word_1_293' title='bbox 1227 3688 1344 3729; x_wconf 91' lang='lat' dir='ltr'><strong>nomen</strong></span> <span class='ocrx_word' id='word_1_294' title='bbox 1366 3669 1484 3731; x_wconf 89' lang='lat' dir='ltr'><strong>meruit</strong></span> <span class='ocrx_word' id='word_1_295' title='bbox 1505 3666 1625 3731; x_wconf 87' lang='lat' dir='ltr'><strong>habere</strong></span> <span class='ocrx_word' id='word_1_296' title='bbox 1647 3670 1679 3731; x_wconf 90' lang='lat' dir='ltr'><strong>in</strong></span> <span class='ocrx_word' id='word_1_297' title='bbox 1702 3670 1852 3732; x_wconf 90' lang='lat' dir='ltr'><strong>vniuerso</strong></span> <span class='ocrx_word' id='word_1_298' title='bbox 1873 3668 2001 3747; x_wconf 86' lang='lat' dir='ltr'><strong>mundo,</strong></span> <span class='ocrx_word' id='word_1_299' title='bbox 2024 3683 2055 3733; x_wconf 92' lang='lat' dir='ltr'><strong>et</strong></span> <span class='ocrx_word' id='word_1_300' title='bbox 2075 3686 2210 3737; x_wconf 83' lang='lat' dir='ltr'><strong>vocetur</strong></span> 
     </span>
     <span class='ocr_line' id='line_1_27' title="bbox 504 3778 2210 3893; baseline 0.003 -46"><span class='ocrx_word' id='word_1_301' title='bbox 504 3779 632 3893; x_wconf 56' lang='lat' dir='ltr'><strong>{orbor</strong></span> <span class='ocrx_word' id='word_1_302' title='bbox 655 3787 744 3844; x_wconf 76' lang='lat' dir='ltr'><strong>sin-e.</strong></span> <span class='ocrx_word' id='word_1_303' title='bbox 789 3779 962 3843; x_wconf 76' lang='lat' dir='ltr'><strong>Sarraecni</strong></span> <span class='ocrx_word' id='word_1_304' title='bbox 985 3778 1096 3842; x_wconf 80' lang='lat' dir='ltr'><strong>dietmt</strong></span> <span class='ocrx_word' id='word_1_305' title='bbox 1118 3802 1188 3844; x_wconf 89' lang='lat' dir='ltr'><strong>eam</strong></span> <span class='ocrx_word' id='word_1_306' title='bbox 1210 3787 1279 3861; x_wconf 81' lang='lat' dir='ltr'><strong>‹h&#39;rp</strong></span> <span class='ocrx_word' id='word_1_307' title='bbox 1297 3782 1359 3859; x_wconf 73' lang='lat'><strong>¹⁰²).</strong></span> <span class='ocrx_word' id='word_1_308' title='bbox 1404 3781 1473 3845; x_wconf 91' lang='lat' dir='ltr'><strong>llee</strong></span> <span class='ocrx_word' id='word_1_309' title='bbox 1499 3782 1639 3846; x_wconf 87' lang='lat' dir='ltr'><strong>ereditur</strong></span> <span class='ocrx_word' id='word_1_310' title='bbox 1663 3785 1790 3848; x_wconf 86' lang='lat' dir='ltr'><strong>stetisse</strong></span> <span class='ocrx_word' id='word_1_311' title='bbox 1813 3808 1832 3847; x_wconf 93' lang='lat' dir='ltr'><strong>a</strong></span> <span class='ocrx_word' id='word_1_312' title='bbox 1856 3800 1996 3871; x_wconf 85' lang='lat' dir='ltr'><strong>tempore</strong></span> <span class='ocrx_word' id='word_1_313' title='bbox 2016 3785 2160 3869; x_wconf 89' lang='lat' dir='ltr'><strong>Abrahe,</strong></span> <span class='ocrx_word' id='word_1_314' title='bbox 2181 3798 2210 3853; x_wconf 88' lang='lat' dir='ltr'><strong>et</strong></span> 
     </span>
    </p>
   </div>
   <div class='ocr_carea' id='block_1_6' title="bbox 506 3894 2213 4910">
    <p class='ocr_par' dir='ltr' id='par_1_9' title="bbox 506 3894 2213 4910">
     <span class='ocr_line' id='line_1_28' title="bbox 538 3894 2031 3988; baseline -0.001 -24"><span class='ocrx_word' id='word_1_315' title='bbox 538 3899 667 3988; x_wconf 91' lang='lat' dir='ltr'><strong>quidem</strong></span> <span class='ocrx_word' id='word_1_316' title='bbox 680 3900 734 3973; x_wconf 77' lang='lat'>¹⁰³)</span> <span class='ocrx_word' id='word_1_317' title='bbox 757 3895 798 3959; x_wconf 90' lang='lat' dir='ltr'><strong>ab</strong></span> <span class='ocrx_word' id='word_1_318' title='bbox 821 3895 917 3959; x_wconf 87' lang='lat' dir='ltr'><strong>inicio</strong></span> <span class='ocrx_word' id='word_1_319' title='bbox 939 3894 1061 3976; x_wconf 89' lang='lat' dir='ltr'><strong>mundi,</strong></span> <span class='ocrx_word' id='word_1_320' title='bbox 1084 3897 1203 3979; x_wconf 87' lang='lat' dir='ltr'><strong>virens,</strong></span> <span class='ocrx_word' id='word_1_321' title='bbox 1225 3897 1326 3961; x_wconf 92' lang='lat' dir='ltr'><strong>donec</strong></span> <span class='ocrx_word' id='word_1_322' title='bbox 1349 3900 1511 3984; x_wconf 88' lang='lat' dir='ltr'><strong>passionis</strong></span> <span class='ocrx_word' id='word_1_323' title='bbox 1535 3898 1656 3963; x_wconf 85' lang='lat' dir='ltr'><strong>Christi</strong></span> <span class='ocrx_word' id='word_1_324' title='bbox 1678 3912 1820 3985; x_wconf 86' lang='lat' dir='ltr'><strong>tempore</strong></span> <span class='ocrx_word' id='word_1_325' title='bbox 1846 3902 2031 3965; x_wconf 87' lang='lat' dir='ltr'><strong>siccaretur.</strong></span> 
     </span>
     <span class='ocr_line' id='line_1_29' title="bbox 661 4010 2211 4098; baseline 0.006 -22"><span class='ocrx_word' id='word_1_326' title='bbox 661 4014 743 4098; x_wconf 83' lang='lat' dir='ltr'><strong>Cap.</strong></span> <span class='ocrx_word' id='word_1_327' title='bbox 765 4010 903 4075; x_wconf 87' lang='lat' dir='ltr'>XLVII.</span> <span class='ocrx_word' id='word_1_328' title='bbox 943 4010 981 4073; x_wconf 94' lang='lat' dir='ltr'><strong>ln</strong></span> <span class='ocrx_word' id='word_1_329' title='bbox 1003 4010 1086 4075; x_wconf 88' lang='lat' dir='ltr'><strong>valle</strong></span> <span class='ocrx_word' id='word_1_330' title='bbox 1103 4016 1239 4073; x_wconf 66' lang='lat' dir='ltr'><strong>llumbre</strong></span> <span class='ocrx_word' id='word_1_331' title='bbox 1261 4025 1308 4077; x_wconf 85' lang='lat' dir='ltr'><strong>est</strong></span> <span class='ocrx_word' id='word_1_332' title='bbox 1328 4012 1427 4094; x_wconf 87' lang='lat' dir='ltr'><strong>loeus,</strong></span> <span class='ocrx_word' id='word_1_333' title='bbox 1449 4013 1506 4077; x_wconf 91' lang='lat' dir='ltr'><strong>vbi</strong></span> <span class='ocrx_word' id='word_1_334' title='bbox 1524 4012 1691 4079; x_wconf 84' lang='lat' dir='ltr'><strong>Abraham</strong></span> <span class='ocrx_word' id='word_1_335' title='bbox 1713 4015 1828 4079; x_wconf 89' lang='lat' dir='ltr'><strong>sedens</strong></span> <span class='ocrx_word' id='word_1_336' title='bbox 1849 4018 1883 4080; x_wconf 94' lang='lat' dir='ltr'><strong>in</strong></span> <span class='ocrx_word' id='word_1_337' title='bbox 1906 4018 1988 4081; x_wconf 90' lang='lat' dir='ltr'><strong>ostio</strong></span> <span class='ocrx_word' id='word_1_338' title='bbox 2010 4017 2211 4084; x_wconf 84' lang='lat' dir='ltr'><strong>tabernaculi</strong></span> 
     </span>
     <span class='ocr_line' id='line_1_30' title="bbox 539 4125 1132 4203; baseline -0.013 -6"><span class='ocrx_word' id='word_1_339' title='bbox 539 4143 604 4197; x_wconf 88' lang='lat' dir='ltr'><strong>tres</strong></span> <span class='ocrx_word' id='word_1_340' title='bbox 627 4129 709 4193; x_wconf 90' lang='lat' dir='ltr'><strong>vidit</strong></span> <span class='ocrx_word' id='word_1_341' title='bbox 729 4138 761 4191; x_wconf 91' lang='lat' dir='ltr'><strong>et</strong></span> <span class='ocrx_word' id='word_1_342' title='bbox 781 4150 880 4191; x_wconf 89' lang='lat' dir='ltr'><strong>vnum</strong></span> <span class='ocrx_word' id='word_1_343' title='bbox 904 4125 1054 4190; x_wconf 79' lang='lat' dir='ltr'><strong>adorauit</strong></span> <span class='ocrx_word' id='word_1_344' title='bbox 1070 4129 1132 4203; x_wconf 73' lang='lat'><strong>¹⁰⁴).</strong></span> 
     </span>
     <span class='ocr_line' id='line_1_31' title="bbox 507 4241 2212 4334; baseline 0.002 -25"><span class='ocrx_word' id='word_1_345' title='bbox 507 4264 519 4315; x_wconf 90' lang='lat'>1</span> <span class='ocrx_word' id='word_1_346' title='bbox 664 4244 743 4330; x_wconf 81' lang='lat' dir='ltr'><strong>Cup.</strong></span> <span class='ocrx_word' id='word_1_347' title='bbox 764 4242 915 4310; x_wconf 92' lang='lat' dir='ltr'>XLVIII.</span> <span class='ocrx_word' id='word_1_348' title='bbox 959 4241 1038 4305; x_wconf 86' lang='lat' dir='ltr'><strong>VlI⁰</strong></span> <span class='ocrx_word' id='word_1_349' title='bbox 1059 4242 1198 4307; x_wconf 87' lang='lat' dir='ltr'><strong>miliario</strong></span> <span class='ocrx_word' id='word_1_350' title='bbox 1217 4245 1270 4321; x_wconf 69' lang='lat'><strong>¹⁰⁵)</strong></span> <span class='ocrx_word' id='word_1_351' title='bbox 1300 4244 1339 4307; x_wconf 92' lang='lat' dir='ltr'><strong>de</strong></span> <span class='ocrx_word' id='word_1_352' title='bbox 1361 4243 1559 4308; x_wconf 89' lang='lat' dir='ltr'><strong>Iherusalem</strong></span> <span class='ocrx_word' id='word_1_353' title='bbox 1583 4245 1656 4325; x_wconf 89' lang='lat' dir='ltr'><strong>via,</strong></span> <span class='ocrx_word' id='word_1_354' title='bbox 1683 4268 1744 4329; x_wconf 82' lang='lat' dir='ltr'><strong>que</strong></span> <span class='ocrx_word' id='word_1_355' title='bbox 1766 4246 1855 4311; x_wconf 90' lang='lat' dir='ltr'><strong>ducit</strong></span> <span class='ocrx_word' id='word_1_356' title='bbox 1874 4248 2030 4334; x_wconf 79' lang='lat' dir='ltr'><strong>Sychem,</strong></span> <span class='ocrx_word' id='word_1_357' title='bbox 2064 4260 2112 4314; x_wconf 92' lang='lat' dir='ltr'><strong>est</strong></span> <span class='ocrx_word' id='word_1_358' title='bbox 2134 4274 2212 4312; x_wconf 71' lang='lat' dir='ltr'><strong>rum</strong></span> 
     </span>
     <span class='ocr_line' id='line_1_32' title="bbox 506 4356 2211 4444; baseline 0.009 -27"><span class='ocrx_word' id='word_1_359' title='bbox 506 4365 651 4425; x_wconf 73' lang='lat' dir='ltr'><strong>tGobao</strong></span> <span class='ocrx_word' id='word_1_360' title='bbox 666 4361 720 4437; x_wconf 72' lang='lat'><strong>¹⁰⁶)</strong></span> <span class='ocrx_word' id='word_1_361' title='bbox 739 4360 773 4422; x_wconf 92' lang='lat' dir='ltr'><strong>in</strong></span> <span class='ocrx_word' id='word_1_362' title='bbox 795 4357 881 4422; x_wconf 87' lang='lat' dir='ltr'><strong>tribu</strong></span> <span class='ocrx_word' id='word_1_363' title='bbox 899 4356 1091 4443; x_wconf 89' lang='lat' dir='ltr'><strong>Beniamyn,</strong></span> <span class='ocrx_word' id='word_1_364' title='bbox 1113 4357 1307 4423; x_wconf 87' lang='lat' dir='ltr'><strong>collateralis</strong></span> <span class='ocrx_word' id='word_1_365' title='bbox 1330 4382 1387 4423; x_wconf 90' lang='lat' dir='ltr'><strong>seu</strong></span> <span class='ocrx_word' id='word_1_366' title='bbox 1408 4361 1578 4444; x_wconf 80' lang='lat' dir='ltr'><strong>contiguus</strong></span> <span class='ocrx_word' id='word_1_367' title='bbox 1602 4363 1701 4425; x_wconf 86' lang='lat' dir='ltr'><strong>monti</strong></span> <span class='ocrx_word' id='word_1_368' title='bbox 1724 4361 1908 4427; x_wconf 83' lang='lat' dir='ltr'><strong>offensionis</strong></span> <span class='ocrx_word' id='word_1_369' title='bbox 1924 4366 1986 4441; x_wconf 71' lang='grc'><strong>107).</strong></span> <span class='ocrx_word' id='word_1_370' title='bbox 2030 4364 2072 4429; x_wconf 85' lang='lat' dir='ltr'><strong>Et</strong></span> <span class='ocrx_word' id='word_1_371' title='bbox 2096 4366 2211 4432; x_wconf 88' lang='lat' dir='ltr'><strong>diuidit</strong></span> 
     </span>
     <span class='ocr_line' id='line_1_33' title="bbox 506 4471 2210 4570; baseline 0.006 -32"><span class='ocrx_word' id='word_1_372' title='bbox 506 4488 594 4541; x_wconf 69' lang='lat' dir='ltr'><strong>teos</strong></span> <span class='ocrx_word' id='word_1_373' title='bbox 617 4476 680 4556; x_wconf 86' lang='lat' dir='ltr'><strong>vin,</strong></span> <span class='ocrx_word' id='word_1_374' title='bbox 703 4496 764 4558; x_wconf 90' lang='lat' dir='ltr'><strong>que</strong></span> <span class='ocrx_word' id='word_1_375' title='bbox 785 4473 873 4537; x_wconf 85' lang='lat' dir='ltr'><strong>ducit</strong></span> <span class='ocrx_word' id='word_1_376' title='bbox 893 4472 933 4536; x_wconf 92' lang='lat' dir='ltr'><strong>de</strong></span> <span class='ocrx_word' id='word_1_377' title='bbox 953 4471 1039 4536; x_wconf 85' lang='lat' dir='ltr'><strong>valle</strong></span> <span class='ocrx_word' id='word_1_378' title='bbox 1059 4472 1215 4558; x_wconf 84' lang='lat' dir='ltr'><strong>Iosophat</strong></span> <span class='ocrx_word' id='word_1_379' title='bbox 1235 4475 1270 4537; x_wconf 90' lang='lat' dir='ltr'><strong>in</strong></span> <span class='ocrx_word' id='word_1_380' title='bbox 1291 4473 1493 4539; x_wconf 85' lang='lat' dir='ltr'><strong>Bethanism.</strong></span> <span class='ocrx_word' id='word_1_381' title='bbox 1537 4476 1580 4539; x_wconf 85' lang='lat' dir='ltr'><strong>Et</strong></span> <span class='ocrx_word' id='word_1_382' title='bbox 1603 4476 1721 4540; x_wconf 87' lang='lat' dir='ltr'><strong>dieitur</strong></span> <span class='ocrx_word' id='word_1_383' title='bbox 1749 4501 1830 4539; x_wconf 67' lang='lat' dir='ltr'><strong>inens</strong></span> <span class='ocrx_word' id='word_1_384' title='bbox 1858 4484 2028 4557; x_wconf 80' lang='lat' dir='ltr'><strong>offensionis</strong></span> <span class='ocrx_word' id='word_1_385' title='bbox 2058 4504 2096 4546; x_wconf 93' lang='lat' dir='ltr'><strong>eo</strong></span> <span class='ocrx_word' id='word_1_386' title='bbox 2125 4482 2210 4570; x_wconf 93' lang='lat' dir='ltr'><strong>quod</strong></span> 
     </span>
     <span class='ocr_line' id='line_1_34' title="bbox 506 4587 2209 4678; baseline 0.004 -23"><span class='ocrx_word' id='word_1_387' title='bbox 506 4605 598 4655; x_wconf 76' lang='lat' dir='ltr'><strong>trex</strong></span> <span class='ocrx_word' id='word_1_388' title='bbox 622 4588 771 4653; x_wconf 84' lang='lat' dir='ltr'><strong>Salomon</strong></span> <span class='ocrx_word' id='word_1_389' title='bbox 794 4589 902 4673; x_wconf 90' lang='lat' dir='ltr'><strong>posuit</strong></span> <span class='ocrx_word' id='word_1_390' title='bbox 922 4590 956 4651; x_wconf 91' lang='lat' dir='ltr'><strong>in</strong></span> <span class='ocrx_word' id='word_1_391' title='bbox 978 4610 1015 4652; x_wconf 93' lang='lat' dir='ltr'><strong>eo</strong></span> <span class='ocrx_word' id='word_1_392' title='bbox 1037 4587 1168 4673; x_wconf 91' lang='lat' dir='ltr'><strong>ydolum</strong></span> <span class='ocrx_word' id='word_1_393' title='bbox 1190 4589 1336 4672; x_wconf 84' lang='lat' dir='ltr'><strong>Illoloeh,</strong></span> <span class='ocrx_word' id='word_1_394' title='bbox 1365 4589 1506 4655; x_wconf 85' lang='lat' dir='ltr'><strong>adorans</strong></span> <span class='ocrx_word' id='word_1_395' title='bbox 1527 4590 1614 4656; x_wconf 88' lang='lat' dir='ltr'><strong>illud.</strong></span> <span class='ocrx_word' id='word_1_396' title='bbox 1655 4592 1699 4655; x_wconf 86' lang='lat' dir='ltr'><strong>Et</strong></span> <span class='ocrx_word' id='word_1_397' title='bbox 1720 4615 1740 4656; x_wconf 90' lang='lat' dir='ltr'><strong>a</strong></span> <span class='ocrx_word' id='word_1_398' title='bbox 1762 4593 1957 4678; x_wconf 84' lang='lat' dir='ltr'><strong>quibusdam</strong></span> <span class='ocrx_word' id='word_1_399' title='bbox 1986 4610 2124 4661; x_wconf 88' lang='lat' dir='ltr'><strong>vocatur</strong></span> <span class='ocrx_word' id='word_1_400' title='bbox 2149 4602 2209 4663; x_wconf 83' lang='lat' dir='ltr'><strong>Ga·</strong></span> 
     </span>
     <span class='ocr_line' id='line_1_35' title="bbox 540 4702 2213 4799; baseline 0.007 -32"><span class='ocrx_word' id='word_1_401' title='bbox 540 4711 627 4785; x_wconf 83' lang='lat' dir='ltr'><strong>lilea,</strong></span> <span class='ocrx_word' id='word_1_402' title='bbox 654 4703 711 4768; x_wconf 91' lang='lat' dir='ltr'><strong>vbi</strong></span> <span class='ocrx_word' id='word_1_403' title='bbox 733 4702 897 4784; x_wconf 75' lang='lat' dir='ltr'><strong>Christus,</strong></span> <span class='ocrx_word' id='word_1_404' title='bbox 919 4726 991 4766; x_wconf 91' lang='lat' dir='ltr'><strong>cum</strong></span> <span class='ocrx_word' id='word_1_405' title='bbox 1015 4706 1210 4768; x_wconf 86' lang='lat' dir='ltr'><strong>surrexisset</strong></span> <span class='ocrx_word' id='word_1_406' title='bbox 1231 4728 1251 4769; x_wconf 90' lang='lat' dir='ltr'><strong>a</strong></span> <span class='ocrx_word' id='word_1_407' title='bbox 1273 4706 1426 4787; x_wconf 88' lang='lat' dir='ltr'><strong>mortuis,</strong></span> <span class='ocrx_word' id='word_1_408' title='bbox 1456 4709 1608 4792; x_wconf 88' lang='lat' dir='ltr'><strong>apparuit</strong></span> <span class='ocrx_word' id='word_1_409' title='bbox 1630 4707 1798 4794; x_wconf 86' lang='lat' dir='ltr'><strong>discipulis</strong></span> <span class='ocrx_word' id='word_1_410' title='bbox 1821 4711 1913 4774; x_wconf 86' lang='lat' dir='ltr'><strong>iuxta</strong></span> <span class='ocrx_word' id='word_1_411' title='bbox 1941 4710 2075 4776; x_wconf 88' lang='lat' dir='ltr'><strong>verbum</strong></span> <span class='ocrx_word' id='word_1_412' title='bbox 2097 4712 2213 4799; x_wconf 88' lang='lat' dir='ltr'><strong>angeli,</strong></span> 
     </span>
     <span class='ocr_line' id='line_1_36' title="bbox 508 4820 2208 4910; baseline 0.005 -24"><span class='ocrx_word' id='word_1_413' title='bbox 508 4820 762 4893; x_wconf 65' lang='lat' dir='ltr'><strong>edicentis¹⁰⁸):</strong></span> <span class='ocrx_word' id='word_1_414' title='bbox 786 4823 928 4879; x_wconf 85' lang='lat' dir='ltr'><strong>Preeedet</strong></span> <span class='ocrx_word' id='word_1_415' title='bbox 951 4842 1001 4880; x_wconf 82' lang='lat' dir='ltr'><strong>vos</strong></span> <span class='ocrx_word' id='word_1_416' title='bbox 1024 4824 1055 4881; x_wconf 82' lang='lat' dir='ltr'><strong>in</strong></span> <span class='ocrx_word' id='word_1_417' title='bbox 1079 4822 1225 4881; x_wconf 80' lang='lat' dir='ltr'><strong>Goliteam</strong></span> <span class='ocrx_word' id='word_1_418' title='bbox 1249 4832 1309 4883; x_wconf 86' lang='lat' dir='ltr'><strong>etc.</strong></span> <span class='ocrx_word' id='word_1_419' title='bbox 1352 4820 1403 4884; x_wconf 78' lang='lat' dir='ltr'><strong>Ex</strong></span> <span class='ocrx_word' id='word_1_420' title='bbox 1428 4824 1577 4908; x_wconf 91' lang='lat' dir='ltr'><strong>opposito</strong></span> <span class='ocrx_word' id='word_1_421' title='bbox 1598 4825 1715 4888; x_wconf 92' lang='lat' dir='ltr'><strong>montis</strong></span> <span class='ocrx_word' id='word_1_422' title='bbox 1737 4823 1826 4910; x_wconf 88' lang='lat' dir='ltr'><strong>Syon</strong></span> <span class='ocrx_word' id='word_1_423' title='bbox 1848 4838 1896 4889; x_wconf 88' lang='lat' dir='ltr'><strong>cst</strong></span> <span class='ocrx_word' id='word_1_424' title='bbox 1919 4849 2025 4907; x_wconf 88' lang='lat' dir='ltr'><strong>mons,</strong></span> <span class='ocrx_word' id='word_1_425' title='bbox 2048 4827 2105 4892; x_wconf 91' lang='lat' dir='ltr'><strong>vbi</strong></span> <span class='ocrx_word' id='word_1_426' title='bbox 2124 4852 2208 4895; x_wconf 89' lang='lat' dir='ltr'><strong>nune</strong></span> 
     </span>
    </p>
   </div>
   <div class='ocr_carea' id='block_1_7' title="bbox 602 5019 2215 5231">
    <p class='ocr_par' dir='ltr' id='par_1_10' title="bbox 602 5019 2215 5231">
     <span class='ocr_line' id='line_1_37' title="bbox 603 5019 2215 5109; baseline -0.02 4"><span class='ocrx_word' id='word_1_427' title='bbox 603 5028 654 5089; x_wconf 66' lang='grc'><strong>96)</strong></span> <span class='ocrx_word' id='word_1_428' title='bbox 676 5019 762 5080; x_wconf 55' lang='lat' dir='ltr'><strong>valle·</strong></span> <span class='ocrx_word' id='word_1_429' title='bbox 807 5020 853 5080; x_wconf 71' lang='lat' dir='ltr'><strong>Of·</strong></span> <span class='ocrx_word' id='word_1_430' title='bbox 875 5022 1027 5098; x_wconf 56' lang='lat' dir='ltr'>Ducange·</span> <span class='ocrx_word' id='word_1_431' title='bbox 1399 5025 1665 5102; x_wconf 87' lang='lat' dir='ltr'><strong>interpretationem</strong></span> <span class='ocrx_word' id='word_1_432' title='bbox 1679 5025 1882 5085; x_wconf 83' lang='lat' dir='ltr'><strong>Maunderillii</strong></span> <span class='ocrx_word' id='word_1_433' title='bbox 1898 5049 1950 5089; x_wconf 86' lang='lat' dir='ltr'><strong>ms.</strong></span> <span class='ocrx_word' id='word_1_434' title='bbox 1971 5028 2215 5109; x_wconf 71' lang='lat' dir='ltr'><strong>bambmgensem</strong></span> 
     </span>
     <span class='ocr_line' id='line_1_38' title="bbox 602 5127 1492 5231; baseline -0.018 -17"><span class='ocrx_word' id='word_1_435' title='bbox 602 5160 653 5225; x_wconf 88' lang='grc'><strong>97)</strong></span> <span class='ocrx_word' id='word_1_436' title='bbox 677 5152 723 5215; x_wconf 80' lang='lat' dir='ltr'><strong>Cf,</strong></span> <span class='ocrx_word' id='word_1_437' title='bbox 745 5151 785 5212; x_wconf 88' lang='lat' dir='ltr'><strong>M.</strong></span> <span class='ocrx_word' id='word_1_438' title='bbox 806 5150 1009 5211; x_wconf 68' lang='lat' dir='ltr'><strong>&#39;I&#39;hietmaruru</strong></span> <span class='ocrx_word' id='word_1_439' title='bbox 1031 5153 1070 5213; x_wconf 89' lang='lat' dir='ltr'><strong>X.</strong></span> <span class='ocrx_word' id='word_1_440' title='bbox 1094 5158 1128 5213; x_wconf 90' lang='grc'><strong>10</strong></span> <span class='ocrx_word' id='word_1_441' title='bbox 1152 5173 1180 5231; x_wconf 91' lang='lat' dir='ltr'><strong>p.</strong></span> <span class='ocrx_word' id='word_1_442' title='bbox 1204 5156 1251 5212; x_wconf 78' lang='lat'><strong>29.</strong></span> <span class='ocrx_word' id='word_1_443' title='bbox 1397 5144 1425 5201; x_wconf 90' lang='lat' dir='ltr'><strong>P·</strong></span> <span class='ocrx_word' id='word_1_444' title='bbox 1449 5127 1492 5183; x_wconf 74' lang='lat'><strong>¹8·</strong></span> 
     </span>
    </p>
   </div>
   <div class='ocr_carea' id='block_1_8' title="bbox 604 5221 2214 5400">
    <p class='ocr_par' dir='ltr' id='par_1_11' title="bbox 604 5221 2214 5400">
     <span class='ocr_line' id='line_1_39' title="bbox 604 5221 2214 5400; baseline -0.023 -55"><span class='ocrx_word' id='word_1_445' title='bbox 604 5290 656 5357; x_wconf 84' lang='grc'><strong>90)</strong></span> <span class='ocrx_word' id='word_1_446' title='bbox 678 5283 724 5343; x_wconf 78' lang='lat' dir='ltr'><strong>Of.</strong></span> <span class='ocrx_word' id='word_1_447' title='bbox 745 5284 897 5344; x_wconf 80' lang='lat' dir='ltr'><strong>Robinson</strong></span> <span class='ocrx_word' id='word_1_448' title='bbox 918 5285 1034 5344; x_wconf 89' lang='lat' dir='ltr'><strong>Neuere</strong></span> <span class='ocrx_word' id='word_1_449' title='bbox 1054 5284 1176 5344; x_wconf 87' lang='lat' dir='ltr'><strong>Forseh.</strong></span> <span class='ocrx_word' id='word_1_450' title='bbox 1197 5306 1224 5364; x_wconf 91' lang='lat' dir='ltr'><strong>p.</strong></span> <span class='ocrx_word' id='word_1_451' title='bbox 1247 5290 1314 5345; x_wconf 87' lang='grc'>309.</span> <span class='ocrx_word' id='word_1_452' title='bbox 1400 5322 1446 5391; x_wconf 57' lang='lat' dir='ltr'><strong>ei„</strong></span> <span class='ocrx_word' id='word_1_453' title='bbox 1465 5221 1727 5399; x_wconf 44' lang='grc' dir='ltr'><strong>ᾚιῖὲῖἒξζίωᾚ,</strong></span> <span class='ocrx_word' id='word_1_454' title='bbox 1749 5223 1997 5400; x_wconf 33' lang='grc' dir='ltr'><strong>ἓῑῖἑηιῳωω·</strong></span> <span class='ocrx_word' id='word_1_455' title='bbox 2039 5226 2106 5286; x_wconf 65' lang='lat' dir='ltr'><strong>Nec</strong></span> <span class='ocrx_word' id='word_1_456' title='bbox 2135 5227 2214 5287; x_wconf 77' lang='lat' dir='ltr'><strong>⁸¹¹ffi&#39;</strong></span> 
     </span>
    </p>
   </div>
   <div class='ocr_carea' id='block_1_9' title="bbox 605 5415 2153 5504">
    <p class='ocr_par' dir='ltr' id='par_1_12' title="bbox 605 5415 2153 5504">
     <span class='ocr_line' id='line_1_40' title="bbox 605 5415 2153 5504; baseline 0.006 -27"><span class='ocrx_word' id='word_1_457' title='bbox 605 5422 655 5489; x_wconf 88' lang='grc'><strong>99)</strong></span> <span class='ocrx_word' id='word_1_458' title='bbox 678 5415 776 5493; x_wconf 83' lang='lat' dir='ltr'><strong>Neget</strong></span> <span class='ocrx_word' id='word_1_459' title='bbox 796 5416 882 5475; x_wconf 87' lang='lat' dir='ltr'><strong>Titus</strong></span> <span class='ocrx_word' id='word_1_460' title='bbox 905 5417 1027 5478; x_wconf 79' lang='lat' dir='ltr'><strong>&#39;l&#39;obler</strong></span> <span class='ocrx_word' id='word_1_461' title='bbox 1467 5424 1534 5490; x_wconf 81' lang='grc'>104)</span> <span class='ocrx_word' id='word_1_462' title='bbox 1558 5418 1624 5477; x_wconf 92' lang='lat' dir='ltr'><strong>Vid.</strong></span> <span class='ocrx_word' id='word_1_463' title='bbox 1647 5420 1686 5481; x_wconf 85' lang='lat' dir='ltr'><strong>lt.</strong></span> <span class='ocrx_word' id='word_1_464' title='bbox 1709 5421 1909 5482; x_wconf 80' lang='lat' dir='ltr'><strong>Thietmernm</strong></span> <span class='ocrx_word' id='word_1_465' title='bbox 1929 5422 1970 5484; x_wconf 89' lang='lat' dir='ltr'><strong>X.</strong></span> <span class='ocrx_word' id='word_1_466' title='bbox 1992 5428 2027 5483; x_wconf 86' lang='lat'><strong>21</strong></span> <span class='ocrx_word' id='word_1_467' title='bbox 2053 5445 2082 5504; x_wconf 93' lang='lat' dir='ltr'><strong>p.</strong></span> <span class='ocrx_word' id='word_1_468' title='bbox 2105 5429 2153 5487; x_wconf 86' lang='grc'><strong>29.</strong></span> 
     </span>
    </p>
   </div>
   <div class='ocr_carea' id='block_1_10' title="bbox 609 5518 2214 5675">
    <p class='ocr_par' dir='ltr' id='par_1_13' title="bbox 609 5518 2214 5675">
     <span class='ocr_line' id='line_1_41' title="bbox 609 5518 2214 5628; baseline -0.006 -36"><span class='ocrx_word' id='word_1_469' title='bbox 609 5556 677 5623; x_wconf 72' lang='lat'><strong>100,</strong></span> <span class='ocrx_word' id='word_1_470' title='bbox 700 5549 717 5608; x_wconf 41' lang='lat' dir='ltr'><strong>j·</strong></span> <span class='ocrx_word' id='word_1_471' title='bbox 741 5567 765 5607; x_wconf 52' lang='grc' dir='ltr'><strong>θ,</strong></span> <span class='ocrx_word' id='word_1_472' title='bbox 787 5559 897 5626; x_wconf 58' lang='lat' dir='ltr'><strong>vagant</strong></span> <span class='ocrx_word' id='word_1_473' title='bbox 919 5570 941 5608; x_wconf 45' lang='grc' dir='ltr'><strong>Β,</strong></span> <span class='ocrx_word' id='word_1_474' title='bbox 958 5557 1114 5626; x_wconf 45' lang='lat' dir='ltr'><strong>vagantur·</strong></span> <span class='ocrx_word' id='word_1_475' title='bbox 1467 5522 1533 5628; x_wconf 85' lang='grc'>105)</span> <span class='ocrx_word' id='word_1_476' title='bbox 1564 5518 1701 5579; x_wconf 85' lang='lat' dir='ltr'><strong>Secundo</strong></span> <span class='ocrx_word' id='word_1_477' title='bbox 1729 5521 1789 5580; x_wconf 90' lang='lat' dir='ltr'><strong>mil.</strong></span> <span class='ocrx_word' id='word_1_478' title='bbox 1817 5521 1906 5581; x_wconf 86' lang='lat' dir='ltr'><strong>babet</strong></span> <span class='ocrx_word' id='word_1_479' title='bbox 1934 5522 2008 5582; x_wconf 91' lang='lat' dir='ltr'><strong>liber</strong></span> <span class='ocrx_word' id='word_1_480' title='bbox 2038 5542 2105 5595; x_wconf 80' lang='lat' dir='ltr'><strong>ma,</strong></span> <span class='ocrx_word' id='word_1_481' title='bbox 2136 5521 2214 5603; x_wconf 91' lang='lat' dir='ltr'><strong>quod</strong></span> 
     </span>
     <span class='ocr_line' id='line_1_42' title="bbox 1401 5634 1587 5675; baseline 0.022 -4"><span class='ocrx_word' id='word_1_482' title='bbox 1401 5634 1587 5675; x_wconf 78' lang='lat' dir='ltr'><strong>correximus.</strong></span> 
     </span>
    </p>
   </div>
   <div class='ocr_carea' id='block_1_11' title="bbox 608 5679 1840 5779">
    <p class='ocr_par' dir='ltr' id='par_1_14' title="bbox 608 5679 1840 5779">
     <span class='ocr_line' id='line_1_43' title="bbox 608 5679 1840 5779; baseline 0.024 -32"><span class='ocrx_word' id='word_1_483' title='bbox 608 5688 676 5749; x_wconf 82' lang='grc'>101)</span> <span class='ocrx_word' id='word_1_484' title='bbox 699 5679 833 5741; x_wconf 64' lang='grc'>3011111111·</span> <span class='ocrx_word' id='word_1_485' title='bbox 1466 5720 1533 5775; x_wconf 87' lang='grc'>1061</span> <span class='ocrx_word' id='word_1_486' title='bbox 1556 5715 1642 5775; x_wconf 92' lang='lat' dir='ltr'><strong>Nune</strong></span> <span class='ocrx_word' id='word_1_487' title='bbox 1666 5718 1840 5779; x_wconf 81' lang='lat' dir='ltr'><strong>Dscheha&#39;o.</strong></span> 
     </span>
    </p>
   </div>
   <div class='ocr_carea' id='block_1_12' title="bbox 544 5811 2180 5993">
    <p class='ocr_par' dir='ltr' id='par_1_15' title="bbox 544 5811 2180 5993">
     <span class='ocr_line' id='line_1_44' title="bbox 607 5811 2180 5892; baseline 0.003 -17"><span class='ocrx_word' id='word_1_488' title='bbox 607 5819 676 5875; x_wconf 84' lang='grc'>1021</span> <span class='ocrx_word' id='word_1_489' title='bbox 697 5812 913 5885; x_wconf 87' lang='lat' dir='ltr'><strong>Maundeville‚</strong></span> <span class='ocrx_word' id='word_1_490' title='bbox 945 5814 994 5892; x_wconf 88' lang='lat' dir='ltr'><strong>qni</strong></span> <span class='ocrx_word' id='word_1_491' title='bbox 1017 5812 1094 5870; x_wconf 90' lang='lat' dir='ltr'><strong>hunc</strong></span> <span class='ocrx_word' id='word_1_492' title='bbox 1116 5811 1237 5871; x_wconf 80' lang='lat' dir='ltr'><strong>odorici</strong></span> <span class='ocrx_word' id='word_1_493' title='bbox 1260 5811 1357 5870; x_wconf 89' lang='lat' dir='ltr'><strong>locum</strong></span> <span class='ocrx_word' id='word_1_494' title='bbox 1465 5819 1532 5885; x_wconf 83' lang='grc'>101)</span> <span class='ocrx_word' id='word_1_495' title='bbox 1555 5814 1695 5876; x_wconf 84' lang='lat' dir='ltr'><strong>scandali.</strong></span> <span class='ocrx_word' id='word_1_496' title='bbox 1739 5817 1775 5882; x_wconf 86' lang='lat' dir='ltr'><strong>V.</strong></span> <span class='ocrx_word' id='word_1_497' title='bbox 1797 5817 1891 5877; x_wconf 86' lang='lat' dir='ltr'><strong>Ritter</strong></span> <span class='ocrx_word' id='word_1_498' title='bbox 1912 5818 1997 5878; x_wconf 88' lang='lat' dir='ltr'><strong>XVI.</strong></span> <span class='ocrx_word' id='word_1_499' title='bbox 2021 5823 2088 5881; x_wconf 81' lang='lat'><strong>322.</strong></span> <span class='ocrx_word' id='word_1_500' title='bbox 2112 5823 2180 5882; x_wconf 80' lang='lat'><strong>325.</strong></span> 
     </span>
     <span class='ocr_line' id='line_1_45' title="bbox 544 5910 1802 5993; baseline -0.001 -20"><span class='ocrx_word' id='word_1_501' title='bbox 544 5914 733 5993; x_wconf 83' lang='lat' dir='ltr'><strong>exscripsisse</strong></span> <span class='ocrx_word' id='word_1_502' title='bbox 756 5911 884 5984; x_wconf 73' lang='lat' dir='ltr'><strong>videns,</strong></span> <span class='ocrx_word' id='word_1_503' title='bbox 911 5911 999 5971; x_wconf 86' lang='lat' dir='ltr'><strong>habet</strong></span> <span class='ocrx_word' id='word_1_504' title='bbox 1021 5914 1099 5986; x_wconf 67' lang='lat' dir='ltr'><strong>drap.</strong></span> <span class='ocrx_word' id='word_1_505' title='bbox 1146 5910 1212 5971; x_wconf 91' lang='lat' dir='ltr'><strong>Vid.</strong></span> <span class='ocrx_word' id='word_1_506' title='bbox 1236 5911 1358 5970; x_wconf 85' lang='lat' dir='ltr'><strong>latinam</strong></span> <span class='ocrx_word' id='word_1_507' title='bbox 1464 5917 1531 5985; x_wconf 88' lang='grc'>108)</span> <span class='ocrx_word' id='word_1_508' title='bbox 1551 5913 1643 5973; x_wconf 83' lang='lat' dir='ltr'><strong>hlerei</strong></span> <span class='ocrx_word' id='word_1_509' title='bbox 1664 5915 1750 5980; x_wconf 87' lang='lat' dir='ltr'><strong>XVI,</strong></span> <span class='ocrx_word' id='word_1_510' title='bbox 1776 5922 1802 5975; x_wconf 89' lang='grc'><strong>7.</strong></span> 
     </span>
    </p>
   </div>
   <div class='ocr_carea' id='block_1_13' title="bbox 0 0 2693 6964">
    <p class='ocr_par' dir='ltr' id='par_1_16' title="bbox 0 0 2693 6964">
     <span class='ocr_line' id='line_1_46' title="bbox 0 0 2693 6964; baseline 0 0"><span class='ocrx_word' id='word_1_511' title='bbox 0 0 2693 6964; x_wconf 95' lang='lat' dir='ltr'><strong> </strong></span> 
     </span>
    </p>
   </div>
  </div>
 </body>
</html>
