5334 6975
1289 657 1328 718 64

600 844 681 907 Erat
708 841 827 926 quippe
855 838 1047 923 antiquitus,
1076 836 1158 897 sicut
1179 832 1274 897 hodie
1297 844 1362 914 est,
1393 856 1484 899 mons
1507 839 1580 897 Sion
1609 855 1668 920 pro
1691 843 1783 919 parte
1805 833 2045 919 supereminens
2068 832 2148 896 ciui·

476 962 552 1041 tati,
581 979 687 1044 capax
709 953 820 1035 ualde,
851 953 905 1039 qui
927 953 1030 1015 eciam
1049 971 1107 1036 pcr
1129 972 1162 1013 se
1185 950 1264 1012 satis
1287 971 1439 1034 magnam
1470 950 1596 1014 uidetur
1618 970 1713 1035 posse
1732 948 1840 1012 facere
1862 949 2035 1011 ciuitatem.
2078 946 2146 1027 Qui

478 1094 569 1141 mons
591 1073 719 1137 inicium
742 1068 865 1133 habens
887 1090 906 1132 a
928 1073 1055 1153 porta⁸)
1078 1087 1235 1152 aquarum
1248 1065 1305 1139 ⁴³²)
1328 1067 1396 1129 siue
1415 1066 1513 1129 fontis
1535 1063 1620 1129 Siloa
1642 1075 1753 1129 contra
1775 1066 1929 1128 orientem
1950 1063 2029 1127 facit
2051 1064 2147 1127 semi·

478 1189 631 1255 circulum
654 1208 711 1273 per
733 1185 902 1248 circuitum
925 1193 1039 1247 contra
1059 1190 1205 1245 austrum
1226 1200 1327 1263 usquc
1350 1179 1392 1244 ad
1414 1180 1629 1260 occidentem,
1653 1179 1708 1245 ubi
1731 1190 1800 1243 erat
1818 1180 1918 1243 turris
1939 1179 2060 1243 Dauid.
2102 1178 2149 1244 Et

478 1314 549 1370 erat
574 1326 631 1390 per
663 1311 763 1366 totum
793 1300 889 1362 istum
912 1295 1066 1362 circulum
1088 1318 1185 1381 rupes
1208 1307 1363 1381 prerupta
1386 1307 1417 1359 et
1440 1317 1536 1359 arcus
1559 1295 1705 1360 similiter
1731 1297 1824 1359 istius
1845 1295 2058 1376 semicirculi,
2090 1296 2147 1382 qui

478 1417 707 1507 appellabatur
727 1414 904 1494 Mello⁴³³),
936 1416 1021 1478 circa
1054 1414 1144 1477 cuius
1166 1410 1376 1496 repletionem
1407 1412 1490 1475 inter
1511 1424 1651 1475 montem
1673 1410 1751 1476 Sion
1780 1421 1812 1475 et
1832 1411 1994 1475 ciuitatem
2016 1412 2146 1476 inferio·

477 1558 546 1602 rem
574 1533 725 1619 leguntur
752 1552 846 1615 reges
868 1529 949 1593 Iuda
971 1528 1142 1615 plurimum
1164 1526 1330 1591 laborasse
1342 1527 1407 1601 ⁴³⁴).
1452 1530 1561 1586 Turris
1582 1547 1658 1590 uero
1680 1531 1786 1589 Dauid
1812 1528 1874 1591 sita
1893 1540 1941 1592 est
1961 1538 2073 1591 contra
2095 1549 2147 1591 oc-

478 1651 637 1717 cidentem
669 1650 702 1710 in
731 1645 871 1733 quodam
897 1643 977 1708 colle
1006 1646 1107 1729 ipsius
1130 1650 1284 1728 prerupte
1305 1643 1395 1727 rupis
1420 1650 1638 1727 competenter
1667 1644 1835 1722 eminenti,
1868 1653 1899 1707 et
1921 1665 2042 1728 uorago
2063 1644 2149 1729 ipsa,

479 1788 540 1853 quc
562 1765 650 1828 uenit
672 1785 691 1826 a
712 1773 806 1848 parte
829 1759 961 1825 australi
984 1761 1101 1824 montis
1123 1759 1208 1822 Sion.
1231 1779 1367 1844 sequens
1376 1758 1471 1834 ι4434)
1499 1779 1570 1820 eam
1593 1779 1693 1844 usque
1721 1758 1763 1822 ad
1783 1758 1997 1839 occidentem,
2025 1758 2081 1824 ubi
2103 1771 2150 1823 te·

479 1883 553 1967 tigit
572 1902 685 1966 rupem
708 1880 805 1941 turris
827 1874 954 1957 Dauid,
985 1877 1093 1938 statim
1117 1872 1312 1937 curuabatur
1334 1871 1518 1937 inclinando
1541 1895 1575 1937 se
1597 1873 1639 1937 ab
1652 1873 1825 1940 'occidente
1847 1887 1960 1940 contra
1982 1878 2150 1952 orientem,

480 2019 602 2084 gyrans
633 1996 737 2080 ipsam
768 1993 891 2056 turrim.
933 1989 977 2053 Et
1004 1990 1049 2053 ita
1080 2000 1149 2054 crat
1175 1990 1274 2054 turris
1303 1992 1335 2052 in
1361 2012 1442 2076 rupe
1465 1991 1548 2053 etin
1571 1989 1711 2073 quodam
1736 1992 1852 2077 angulo
1874 1992 2041 2076 uoraginis
2062 1990 2150 2056 illius

481 2114 662 2178 constituta.
705 2107 809 2173 Uallis
838 2119 945 2171 autem
970 2108 1038 2169 siue
1065 2128 1202 2192 uorago,
1237 2128 1299 2191 que
1325 2107 1430 2191 ipsam
1461 2105 1629 2190 cingebat,
1658 2104 1864 2170 diuidebatur
1890 2107 1924 2170 in
1947 2106 2028 2172 duas
2047 2106 2151 2172 ualles

482 2226 670 2316 profundas,
693 2246 830 2311 quarum
851 2244 915 2286 una
938 2219 1137 2308 procedebat
1160 2231 1272 2285 contra
1293 2220 1487 2307 aquilonem,
1511 2218 1574 2284 alia
1600 2235 1711 2285 contra
1733 2224 1895 2287 orientem.
1938 2222 1981 2286 Et
2001 2225 2062 2287 iste
2086 2223 2150 2289 due

481 2343 582 2408 ualles
603 2340 765 2405 faciebant
788 2338 886 2403 alium
909 2336 1072 2422 angulum,
1095 2339 1278 2424 oppositum
1300 2336 1417 2422 angulo
1424 2387 1432 2417 ,
1453 2338 1486 2400 in
1508 2359 1570 2421 quo
1594 2347 1663 2401 erat
1684 2340 1782 2402 turris
1804 2338 1914 2403 Dauid
1937 2341 2012 2418 sita,
2035 2350 2067 2403 et
2088 2340 2151 2405 iste

482 2457 617 2544 angulus
640 2469 710 2520 erat
732 2456 772 2519 de
794 2456 925 2519 ciuitate
945 2453 1104 2528 infcriori,
1127 2455 1208 2516 sicut
1229 2453 1312 2516 infra
1335 2452 1466 2517 dicetur.

604 2571 709 2637 Uallis
738 2572 835 2656 igitur
860 2568 930 2650 illa,
962 2591 1023 2654 quc
1049 2568 1090 2632 de
1119 2578 1207 2632 turre
1230 2567 1341 2631 Dauid
1373 2566 1605 2650 descendebat,
1638 2569 1833 2655 procedebat
1864 2571 1973 2656 utiquc
1995 2572 2028 2634 in
2050 2569 2152 2635 latere

482 2687 657 2777 aquilonali
678 2688 796 2750 montis
812 2685 890 2748 Sion
912 2707 1012 2768 usque
1036 2683 1078 2747 ad
1100 2695 1239 2749 montem
1264 2687 1366 2744 Maria
1374 2691 1408 2764 ⁰),
1431 2685 1463 2746 in
1485 2706 1547 2769 quo
1569 2696 1639 2749 erat
1652 2685 1815 2772 templum,
1837 2708 1991 2771 separans
2006 2710 2025 2751 a
2042 2699 2151 2753 moute

484 2806 563 2870 Sion
592 2807 697 2890 ipsum
729 2811 869 2865 montem
891 2799 996 2865 Moria
1025 2816 1055 2864 et
1085 2811 1183 2865 totam
1212 2799 1396 2863 inferiorem
1424 2801 1594 2864 ciuitatem.
1635 2799 1679 2864 Et
1706 2800 1922 2865 descendebat
1945 2826 2066 2888 uorago
2088 2807 2153 2869 ista

486 2921 592 2986 adhuc
620 2917 705 2981 ultra
736 2917 890 3000 usquein
912 2927 1087 2980 torrentem
1110 2916 1237 2982 Cedron
1259 2915 1460 3001 perlocum,
1493 2915 1547 2979 ubi
1568 2938 1652 2979 nunc
1674 2929 1721 2979 est
1742 2928 1836 3003 porta
1859 2940 2035 3003 aquarum,
2068 2923 2153 2985 inter

487 3047 628 3100 montem
651 3031 728 3096 Sion
747 3045 778 3095 et
800 3031 960 3116 palacium
979 3032 1169 3113 Salomonis,
1191 3029 1275 3117 quod
1299 3030 1481 3095 edificatum
1503 3032 1564 3095 fuit
1585 3034 1617 3095 in
1639 3045 1731 3117 parte
1754 3034 1887 3098 australi
1906 3038 2023 3100 montis
2037 3037 2153 3103 Morio..

485 3152 529 3216 Et
551 3152 597 3213 ita
619 3169 742 3232 uorago
763 3148 824 3209 ista
846 3148 1022 3233 antiquitus
1045 3171 1085 3212 ex
1107 3149 1193 3213 omni
1223 3159 1315 3233 parte
1344 3147 1496 3233 cingebat
1525 3161 1663 3212 montem
1686 3147 1771 3214 Sion.
1814 3150 1915 3219 Hec‘b
1944 3164 2014 3217 crat
2036 3154 2153 3221 ciuitas

486 3264 608 3332 Dauid.
651 3263 772 3327 Uerum
798 3284 881 3325 nunc
906 3285 1028 3349 uorago
1055 3266 1117 3328 ista
1144 3272 1243 3340 tota⁸)
1270 3274 1318 3326 est
1338 3263 1476 3350 repleta,
1512 3275 1646 3349 possunt
1667 3275 1774 3328 tamen
1797 3265 1901 3330 adhuc
1922 3269 1991 3331 eius
2013 3271 2153 3356 uestigia

486 3381 667 3469 aliqualiter
689 3376 898 3464 deprehendi.

553 3534 580 3602 a)
594 3535 677 3664 pqrtc
694 3527 735 3583 St.
752 3527 879 3665 portash.
898 3557 931 3566 —
949 3527 977 3595 b)
988 3529 1077 3597 fipcaa
1095 3527 1134 3585 St.
1154 3530 1260 3597 cinqcm
1278 3527 1302 3580 h.
1321 3528 1393 3582 Edit.
1414 3529 1482 3582 Ven.
1501 3560 1532 3568 -
1551 3536 1577 3597 e)
1597 3532 1694 3583 Μανία
1713 3532 1814 3600 paeeim
1832 3530 1872 3586 St.
1897 3563 1928 3571 —
1952 3533 1980 3595 d)
2000 3534 2030 3585 Ιιί
2049 3533 2089 3588 St.
2108 3536 2153 3588 oie

642 3651 648 3664 .
666 3642 697 3652 -
718 3615 743 3682 e)
760 3619 825 3665 nota
864 3617 875 3663 t

488 3762 705 3821 consenserunt,
726 3750 775 3829 qui
797 3769 910 3808 mecum
932 3748 970 3807 ibi
992 3749 1107 3808 luerunt
1128 3762 1157 3808 et
1179 3760 1298 3828 utraque
1340 3763 1453 3829 portum
1482 3751 1568 3810 tbntis
1591 3750 1689 3812 Silone
1716 3754 1884 3833 appellans,
1911 3755 2061 3816 meridiem
2091 3779 2154 3818 ver·

487 3854 657 3921 nouerant),
677 3847 755 3928 quod
780 3847 940 3908 Ierusalem
962 3846 1085 3926 amplior
1103 3847 1193 3905 multo
1213 3849 1250 3905 sit
1271 3856 1300 3907 et
1341 3869 1389 3907 sus
1419 3864 1550 3928 spectare
1578 3861 1675 3929 putat,
1708 3873 1821 3931 ponens
1842 3875 1907 3914 eam
1930 3856 2007 3913 inter
2031 3868 2155 3917 orontem

488 3950 619 4027 longior,
651 3968 738 4025 quam
759 3948 883 4023 antiqua
906 3946 1012 4004 ciuitas
1034 3946 1301 4022 rncpdcburpensia,
1342 3948 1428 4016 Sion,
1459 3959 1489 4006 ut
1517 3948 1592 4008 infra
1627 3948 1708 4021 dicit,
1745 3962 1772 4009 ct
1796 3954 1951 4028 palacium
1978 3954 2155 4016 Salomonis.

490 4068 578 4126 qoem
606 4048 731 4105 includit
758 4066 860 4104 arsurus
883 4045 1029 4103 circuiens
1051 4047 1085 4102 dc
1107 4054 1210 4102 sancto
1232 4046 1299 4102 Am·
1343 4047 1432 4105 Porta
1453 4049 1540 4106 fontis
1562 4047 1659 4109 Siloae
1683 4062 1727 4109 est
1748 4051 1859 4123 eadem,
1880 4072 1957 4132 quae
1978 4065 2062 4132 porta
2086 4065 2157 4114 ster-

488 4148 585 4206 brosio
617 4147 691 4219 (siue
713 4144 854 4220 Georpio,
881 4164 916 4202 ex
939 4144 995 4200 alia
1016 4144 1182 4222 scriptione)
1212 4164 1301 4220 usqae
1344 4147 1425 4214 coris,
1448 4147 1476 4204 in
1497 4148 1676 4208 meridionali
1698 4152 1843 4210 moenium
1861 4160 1951 4229 parte.
1989 4151 2026 4212 V.
2043 4152 2158 4214 Tobler

490 4249 532 4305 ad
552 4266 659 4304 nouam
674 4245 822 4303 ciuitatem
837 4243 1011 4302 exclusiaef‘
1048 4242 1232 4301 Burcbardus
1250 4246 1301 4320 igi·
1345 4244 1476 4323 Topogr.
1506 4268 1531 4305 v.
1555 4249 1645 4310 lerna.
1673 4250 1699 4309 l.
1730 4253 1794 4309 152.
1828 4253 1891 4310 163.
1934 4248 1979 4310 Cf.
2001 4250 2156 4313 Robinson

489 4356 536 4404 tur
563 4343 794 4421 Magdeburgum
823 4342 1024 4421 frequentavit.
1067 4339 1151 4400 Idem
1179 4341 1302 4400 efficitur
1344 4343 1406 4404 Pal.
1428 4345 1469 4404 ll.
1497 4349 1547 4406 121
1574 4358 1631 4406 not.
1659 4352 1723 4409 123.

490 4464 527 4503 ex
557 4444 605 4515 iis,
639 4462 713 4520 quae
746 4443 776 4499 in
807 4439 910 4499 eadem
941 4443 1036 4519 priore
1065 4441 1234 4500 recensione
1264 4440 1303 4499 ad
1408 4481 1478 4549 433)
1500 4478 1599 4553 Meno}
1629 4478 1720 4539 ΗΘΜ.
1739 4481 1816 4551 aba,
1837 4481 1937 4557 Mello,
1959 4481 2048 4543 habet
2068 4484 2156 4563 vulg·

490 4541 579 4600 fidem
608 4538 672 4599 ⁰⁰d·
694 4550 772 4651 ‘Vial-
794 4538 822 4597 b·
835 4547 1020 4650 411140ῐῆυωῖ
1047 4537 1085 4596 “d
1108 4558 1170 4650 “fl''
1194 4536 1246 4651 Vl'
1270 4546 1302 4599 7³
1346 4572 1612 4636 Of.RitterXV1.
1635 4583 1792 4639 364390.
1834 4578 1870 4638 V.
1891 4580 2004 4640 Tobler
2026 4582 2105 4663 Top.
2128 4605 2156 4644 v.

493 4638 599 4712 „Quod
621 4657 751 4717 spacium
774 4637 877 4695 mellus
898 4646 1031 4696 estimare
1052 4648 1149 4715 potui,
1171 4657 1240 4716 qma
1260 4657 1303 4697 se·
1347 4675 1435 4734 lesus¹
1465 4675 1490 4733 L
1520 4677 1557 4734 20
1578 4696 1619 4754 sq·
1646 4685 1704 4736 „ot-
1728 4681 1761 4749 23
1789 4700 1816 4757 p.
1841 4684 1888 4739 37·
1923 4684 1987 4740 187·
2036 4680 2156 4743 (30⁸0an

492 4740 557 4819 pius
582 4735 655 4796 illud
677 4735 857 4844 Pemffffliui‘
907 4736 1030 4794 maur
1055 4736 1126 4793 mihi
1146 4756 1207 4793 ⁶⁸⁸⁶
1229 4737 1304 4848 ΨΜ
1347 4775 1491 4833 sententia
1510 4783 1554 4832 est
1575 4794 1641 4852 pars
1656 4777 1739 4847 arcis,
1761 4786 1790 4834 et
1809 4778 1953 4854 significat
1970 4781 2087 4839 callam.
2121 4780 2157 4842 V.

492 4840 527 4896 ‘2⁶
548 4834 734 4912 Μαθᾱθὺωθ
756 4853 786 4890 ²7²
807 4834 954 4909 Barb⁰9'“
997 4834 1144 4913 Apparet’
1167 4834 1305 4893 Balbum
1346 4870 1456 4947 IReg.
1478 4871 1534 4932 xl.
1556 4875 1608 4932 27:
1630 4875 1698 4953 quia
1719 4873 1858 4934 Salomon
1880 4876 2045 4936 aedificavit
2058 4877 2158 4953 Mello,

492 4955 607 5047 quique
629 4934 810 4992 ”mimum
830 4931 919 5043 &⁸⁸⁰
933 4931 1109 5044 Burcbardp.
1152 4931 1210 5006 Qui
1227 4933 1305 4993 hand
1348 4979 1377 5028 et
1409 4972 1580 5049 coaequavit
1613 4976 1780 5047 voraginem
1815 4976 1938 5033 civitatis
1968 4976 2076 5037 David.
2126 4980 2158 5039 ll

494 5054 554 5093 sero
576 5054 616 5093 an
637 5053 697 5093 non
717 5051 753 5091 ex
776 5030 928 5090 comitibus
948 5030 1162 5103 barbrensrbus,
1184 5052 1305 5111 quorum
1348 5067 1455 5131 chrm
1471 5069 1609 5129 XXXHO
1633 5078 1663 5130 5:
1685 5074 1856 5132 instauravit
1876 5074 1966 5133 Meno

492 5134 574 5210 genti
594 5153 701 5192 nomen
720 5130 894 5188 Burcbardi
915 5130 1052 5187 usitatum
1074 5130 1162 5191 fuisse
1184 5131 1306 5202 videtur,
1349 5167 1455 5227 David·
1498 5169 1529 5227 Π
1552 5167 1632 5227 Sam,
1655 5168 1690 5229 v¹
1714 5177 1748 5230 9:
1780 5183 1809 5231 et
1836 5086 2159 5256 aedificavilnpcelrvngie

494 5227 633 5289 oriundus
652 5229 746 5300 fuerit,
766 5248 854 5307 quum
877 5248 1038 5306 cognomen
1059 5230 1094 5287 dc
1113 5233 1214 5288 Monte
1234 5232 1306 5290 Sion
1348 5285 1410 5323 rum
1433 5286 1450 5323 a
1471 5265 1557 5324 Mello
1580 5278 1609 5325 et
1628 5268 1806 5330 intrinsecus.

495 5327 532 5386 ab
555 5326 652 5405 aliquo
677 5327 801 5387 claustro
824 5329 976 5406 repetitum
998 5347 1062 5385 esse
1083 5330 1183 5406 possit.

537 5427 608 5492 432)
630 5444 650 5481 a
673 5436 766 5500 porte
793 5425 947 5504 equarum]
981 5425 1070 5484 Porta
1097 5446 1250 5506 aquarum,
1283 5429 1307 5487 ei
1411 5403 1482 5471 ⁴34)
1502 5399 1662 5477 l“lmiiel
1686 5400 1721 5462 V·
1743 5405 1758 5463 Ῑ
1779 5403 1851 5482 Ῑῖθὲ
1873 5404 1921 5465 ΧῙ
1943 5408 1990 5466 27·

494 5523 696 5583 Robinsonum
721 5527 864 5605 sequaris,
886 5545 943 5583 non
965 5535 1027 5583 erat
1046 5525 1077 5583 in
1098 5527 1239 5586 exteriore
1259 5547 1306 5585 ur·
1408 5530 1480 5603 435)
1502 5533 1631 5609 sequena}
1666 5533 1898 5607 Emendatione,
1919 5557 2006 5616 quam
2029 5538 2159 5611 fecimus,

495 5623 540 5683 bis
561 5630 652 5703 parte,
673 5625 703 5683 in
724 5625 885 5697 moenibus,
907 5622 960 5684 sed
978 5624 1078 5703 templi
1095 5623 1228 5683 adaram
1244 5646 1307 5705 per·
1349 5648 1487 5705 ecquem,
1515 5642 1544 5689 et
1564 5630 1693 5690 locorum
1716 5635 1797 5706 situi,
1819 5645 1849 5694 et
1869 5636 2081 5696 vocabulorum
2102 5637 2158 5697 for·

495 5723 617 5782 tinuisse
638 5722 759 5796 videtur,
782 5721 961 5783 occidentem
983 5742 1083 5783 versus
1104 5725 1166 5784 sita.
1199 5723 1235 5785 V.
1249 5724 1305 5784 Ro·
1347 5728 1402 5786 mis
1423 5729 1516 5806 magis
1535 5732 1697 5791 consultum
1719 5732 1903 5806 volebamus,
1930 5756 2019 5815 quum
2042 5739 2159 5818 scriptio

497 5820 602 5881 binson
624 5822 688 5881 Pal.
711 5822 751 5880 II.
778 5826 840 5882 118.
884 5819 942 5894 Qui
962 5825 987 5882 si
1008 5843 1108 5882 vemm
1130 5821 1209 5893 vidit,
1231 5833 1307 5883 errat
1349 5827 1467 5902 ciayeaa
1493 5831 1588 5889 minua
1615 5850 1707 5910 prope
1735 5832 1858 5892 accedat
1878 5833 1916 5894 ad
1937 5835 2061 5894 formam
2083 5835 2160 5896 eodi-

498 5920 697 5995 Burchardus,
729 5921 778 6000 qui
805 5928 917 6000 portam
945 5940 1084 6000 aquarum
1112 5924 1168 5981 alio
1190 5924 1306 5983 nomine
1349 5926 1390 5984 cis
1413 5924 1455 5986 St.
1470 5928 1577 6007 fietne,
1598 5949 1686 6008 quam
1708 5950 1837 6007 sequena.
