5334 6975
1295 640 1410 703 65ι

603 816 754 882 Secunda
774 840 914 903 uorago,
941 820 1009 882 siue
1031 818 1143 901 uallis,
1167 839 1229 903 que
1252 817 1457 882 diuidebatur
1477 817 1519 881 ab
1541 819 1605 882 ista
1626 816 1686 882 sub
1708 830 1797 881 turre
1820 816 1948 899 Dauid,
1980 820 2061 882 sieut
2083 818 2149 884 dio·

478 942 546 997 turn
570 943 618 997 est
641 956 756 1020 supra,
785 944 897 997 contra
919 932 1100 1020 aquilonem
1122 932 1335 1019 procedebat,
1359 942 1391 997 et
1409 933 1550 998 faciebat
1571 932 1727 998 fossatum
1748 933 1890 996 ciuitatis
1912 955 1932 996 a
1954 944 2047 1020 parte
2067 937 2149 999 occi·

478 1046 584 1113 dentis
613 1050 702 1113 circa
731 1059 830 1114 totam
856 1047 1090 1134 longitudinem
1117 1051 1258 1114 ciuitatis
1284 1070 1385 1134 usque
1412 1048 1455 1113 ad
1481 1048 1578 1112 tinem
1605 1049 1673 1112 eius
1702 1048 1736 1111 in
1762 1061 1858 1135 parte
1889 1047 2057 1135 aquilonis.
2106 1050 2151 1114 Et

478 1186 577 1250 super
598 1186 669 1228 eam
692 1174 854 1251 pertotum
867 1165 925 1242 436)
946 1175 1016 1229 0111
1036 1166 1172 1229 interius
1194 1187 1292 1251 rupes
1315 1166 1473 1246 eminens,
1496 1186 1594 1250 quam
1614 1161 1771 1249 Iosephus
1794 1163 1938 1250 appellat
1959 1170 2070 1227 Acrem
2083 1166 2150 1246 ⁴³³),

478 1301 576 1366 super
605 1302 702 1364 quam
731 1292 800 1344 erat
827 1301 938 1344 murus
960 1280 1100 1345 ciuitatis
1123 1281 1265 1366 positus,
1295 1281 1350 1365 qui
1372 1279 1523 1365 cingebat
1545 1278 1587 1343 ab
1609 1277 1776 1344 occidente
1797 1280 1961 1343 ciuitatem
1983 1302 2085 1366 usque
2108 1281 2150 1345 ad

473 1406 595 1474 portam
617 1396 837 1479 effraymwi),
858 1394 957 1460 stibi
980 1394 1177 1460 curuabatur
1199 1396 1314 1460 iterum
1335 1404 1449 1460 contra
1468 1396 1623 1461 orientem
1645 1417 1745 1480 usque
1767 1393 1948 1474 adportans
1967 1400 2072 1476 eupuli
2082 1398 2151 1478 ⁴³⁹),

479 1530 540 1595 que
572 1520 643 1574 erat
670 1514 844 1576 constituta
871 1513 905 1575 in
926 1510 1043 1597 angulo
1065 1512 1224 1593 ciuitatis,
1253 1512 1344 1596 qui²)
1373 1524 1442 1576 erat
1463 1520 1574 1576 contra
1595 1509 1748 1597 angulum
1772 1510 1933 1596 aquilonis
1955 1523 1986 1575 et
2008 1513 2150 1577 orientis.

477 1622 522 1689 Et
550 1623 598 1688 ibi
625 1626 742 1690 iterum
772 1649 882 1691 murus
916 1625 1113 1690 curuabatur
1135 1626 1175 1690 de
1196 1626 1344 1711 aquilone
1367 1648 1425 1714 per
1448 1629 1602 1691 orientem
1625 1635 1737 1691 contra
1759 1636 1902 1689 austrum
1925 1639 2018 1691 extra
2040 1650 2151 1692 aream

478 1714 609 1827 templi,
641 1741 806 1805 includens
833 1741 922 1806 illam
948 1753 980 1806 et
1006 1742 1136 1806 domum
1169 1744 1256 1828 regis
1285 1754 1317 1806 et
1349 1752 1476 1829 portam
1503 1742 1600 1806 fontis
1626 1746 1696 1807 siue
1718 1764 1874 1826 aquarum
1897 1741 1989 1806 iuxta
2009 1753 2150 1807 montem

480 1853 559 1920 Sion
587 1856 630 1920 ad
661 1859 823 1921 orientem.
865 1856 909 1922 Et
934 1860 995 1922 iste
1025 1868 1095 1922 erat
1122 1856 1262 1922 ambitus
1294 1859 1444 1922 ciuitatis.
1488 1857 1597 1945 Rupes
1629 1867 1737 1923 autem
1757 1855 1828 1937 illa,
1855 1878 2087 1943 superquam,
2116 1868 2152 1922 ut

479 1969 601 2034 dictum
628 1981 677 2035 est
704 1982 795 2053 ante,
824 1994 865 2036 ex
892 1984 986 2059 parte
1014 1973 1190 2039 occidentis
1220 1986 1290 2038 erat
1317 1996 1427 2038 murus
1435 1977 1462 2052 b)
1493 1976 1632 2039 ciuitatis
1663 1973 1848 2056 edificatus,
1879 1981 1979 2050 erate)
2007 1975 2150 2038 eminens

479 2085 590 2166 ualde,
620 2097 652 2151 et
673 2088 814 2150 maxime
837 2089 871 2151 in
889 2087 1027 2174 angulo,
1049 2089 1104 2154 ubi
1125 2089 1333 2155 occidentalis
1356 2112 1433 2175 pars
1455 2091 1539 2154 muri
1559 2088 1814 2175 coniungebatur
1836 2111 1908 2152 cum
1930 2075 2106 2175 aquilonali
2116 2092 2151 2165 (¹).

478 2199 538 2266 Ille
564 2203 650 2265 enim
679 2202 768 2267 locus
798 2205 903 2289 magis
933 2215 1003 2268 erat
1035 2208 1197 2286 eminens,
1226 2215 1257 2269 et
1279 2203 1357 2282 ibir)
1380 2215 1449 2269 erat
1471 2204 1620 2269 edificata
1642 2210 1753 2281 turris,
1788 2228 1850 2292 que
1872 2203 2041 2269 dicebatur
2062 2208 2149 2265 11061-

478 2319 625 2399 1010440),
647 2329 678 2382 01
700 2318 867 2383 castellum
889 2319 985 2384 ualde
1005 2320 1147 2402 firmum,
1171 2322 1261 2384 cuius
1284 2320 1390 2384 adhuc
1411 2321 1503 2384 ruine
1524 2330 1597 2384 sunt
1618 2320 1673 2384 ibi.
1714 2321 1758 2385 Et
1778 2321 1907 2386 uidetur
1928 2320 2003 2384 inde
2024 2318 2150 2384 Arabia

479 2446 510 2496 et
532 2432 680 2497 Iordanis
710 2447 741 2498 01
768 2427 858 2499 mare
888 2448 1047 2500 mortuum
1074 2447 1105 2500 et
1126 2435 1191 2500 alia
1214 2435 1286 2500 loca
1307 2435 1420 2515 multa,
1450 2439 1597 2522 quamuis
1618 2436 1750 2524 quidam
1772 2436 1883 2503 uolunt
1903 2437 2028 2517 dicere,
2063 2435 2149 2521 quod

477 2549 576 2612 turris
606 2548 764 2614 nebulosa
788 2552 886 2615 fuerit
914 2552 1007 2615 iuxta
1034 2551 1202 2639 templum:
1231 2550 1319 2638 quod
1351 2554 1554 2638 oportunitas
1581 2552 1644 2617 loci
1672 2562 1704 2616 et
1725 2551 1894 2616 decliuitas
1913 2573 1978 2615 non
1997 2550 2147 2615 admittit.

479 2663 531 2729 De
552 2665 616 2728 ista
636 2687 733 2750 rupe,
760 2689 800 2729 ex
823 2677 916 2752 parte
936 2666 1128 2749 occidentis,
1157 2678 1192 2732 ut
1213 2667 1334 2732 dictum
1356 2678 1419 2749 est,
1448 2667 1653 2732 uehementer
1675 2666 1759 2748 alta,
1788 2666 1992 2753 dependebat
2011 2665 2147 2730 latitudo

480 2780 631 2861 ciuitatis,
654 2779 813 2845 inclinans
836 2780 990 2867 paulatim
1012 2805 1113 2867 usque
1135 2783 1178 2847 ad
1198 2806 1324 2847 murum
1351 2781 1555 2864 orientalem,
1577 2784 1663 2868 quis)
1685 2792 1756 2847 erat
1776 2804 1873 2869 super
1895 2791 2070 2845 torrentem
2091 2780 2148 2845 Ce-

482 2894 574 2977 dron,
596 2895 652 2960 ubi
673 2898 788 2960 ciuitas
809 2898 882 2983 ipsa
903 2908 973 2961 erat
994 2910 1070 2962 tune
1092 2910 1123 2963 et
1145 2913 1194 2963 est
1211 2899 1306 2963 hodie
1329 2898 1543 2980 demissiorss),
1564 2898 1650 2963 unde
1671 2910 1703 2963 et
1724 2898 1769 2962 ibi
1791 2896 1904 2962 sordes
1925 2898 2067 2960 ciuitatis
2090 2919 2149 2982 per

482 3021 609 3098 portam
632 3010 825 3098 sterquilinii
847 3010 1030 3077 defluebant
1051 3015 1085 3077 in
1105 3025 1279 3079 torrentem
1303 3013 1441 3079 Cedron.

602 3127 707 3191 Extra
736 3127 924 3211 uoraginem
954 3140 1061 3192 autem
1091 3133 1159 3194 siue
1184 3130 1301 3194 uallem
1329 3132 1438 3215 sepius
1462 3130 1682 3215 supradictam
1704 3150 1745 3192 ex
1767 3140 1861 3214 parte
1883 3127 2073 3206 occidentis,
2107 3128 2149 3192 ad

480 3244 646 3307 sinistram
668 3242 860 3306 exeuntibus
893 3241 933 3307 de
948 3257 1041 3323 porto
1064 3251 1159 3309 ueteri
1180 3248 1248 3311 siue
1268 3250 1431 3308 iudiciaria
1441 3247 1499 3322 411)
1526 3247 1586 3310 fuit
1606 3245 1766 3309 Dominus
1796 3243 1989 3326 transfixus,
2022 3255 2149 3330 etpost

480 3360 663 3445 passionem
693 3358 760 3421 eius
788 3357 885 3443 longo
911 3369 1057 3446 tempore
1086 3383 1208 3447 uorago
1236 3360 1294 3425 illa
1317 3360 1444 3447 repleta
1472 3371 1536 3443 est,
1564 3371 1596 3424 et
1623 3382 1732 3423 murus
1762 3358 1843 3423 alius
1873 3359 2109 3424 circumductus
2128 3383 2149 3423 1

480 3485 568 3540 turre
589 3473 701 3539 Dauid
723 3498 824 3560 usque
846 3474 889 3539 ad
911 3483 1072 3562 portamh)
1092 3476 1251 3564 Effraym,
1273 3500 1335 3565 que
1356 3500 1442 3542 nunc
1461 3475 1548 3541 beati
1570 3474 1727 3563 Stephani
1749 3473 1940 3562 appellatur.

605 3589 706 3654 Uides
728 3593 854 3676 itaque,
887 3591 972 3677 quod
993 3592 1035 3657 ab
1059 3604 1169 3658 austro
1192 3616 1282 3657 mous
1304 3592 1399 3675 Sion,
1429 3592 1469 3657 de
1491 3593 1656 3657 occidente
1678 3614 1754 3656 uero
1775 3614 1872 3678 rupes
1893 3590 1967 3674 illa,
1996 3613 2057 3677 que
2080 3603 2150 3655 erat

482 3727 560 3792 pars
583 3708 701 3770 montis
722 3705 824 3785 Gion,
853 3708 908 3790 qui
931 3717 1042 3772 contra
1064 3708 1262 3772 occidentem
1282 3709 1317 3771 in
1339 3707 1508 3772 altitudine
1531 3708 1703 3795 plurimum
1727 3730 1761 3772 10
1783 3707 2009 3788 extendit⁴⁴²)‚
2039 3729 2149 3793 super-

480 3820 664 3886 eminebant
685 3822 774 3904 urbi,
807 3832 838 3886 et
860 3821 919 3886 sub
942 3824 1021 3908 ipsis
1044 3823 1168 3889 duobus
1190 3823 1353 3889 montibus
1376 3836 1489 3889 contra
1510 3827 1665 3889 orientem
1686 3841 1717 3888 et
1739 3823 1922 3911 aquilonem
1944 3833 2012 3886 tota-
2034 3825 2149 3887 ciuitas

482 3939 575 4024 quasi
595 3939 628 4001 in
651 3937 768 4002 declini
785 3939 901 4002 montis
923 3936 1026 4003 latere
1049 3938 1263 4025 dependebat.

602 4052 697 4118 Mons
718 4059 836 4130 Morio,
863 4055 896 4117 in
923 4076 987 4140 quo
1014 4055 1170 4141 templum
1192 4055 1325 4121 Domini
1352 4067 1384 4119 et
1413 4055 1572 4140 palacium
1602 4056 1688 4139 regis
1711 4053 1861 4118 edificata
1883 4057 2063 4137 0111111443),
2091 4055 2148 4119 ali-

506 4187 508 4191 Ι
547 4220 574 4286 a)
592 4235 642 4287 que
660 4221 698 4273 St.
720 4219 767 4284 qui
784 4217 810 4272 h.
829 4249 861 4258 —
886 4216 914 4279 b)
932 4234 1094 4272 1111111011.
1115 4219 1170 4285 St,
1188 4218 1273 4273 hahet
1292 4218 1317 4273 h.
1349 4251 1376 4257 -
1403 4223 1429 4286 0)
1446 4227 1471 4272 01
1493 4225 1553 4273 erat
1570 4217 1603 4274 St
1614 4218 1640 4273 h.
1675 4215 1810 4286 Copulam
1835 4223 1861 4269 et
1885 4216 2042 4273 delevimus.
2060 4250 2093 4258 -
2119 4220 2149 4283 (1)

612 4301 740 4371 aquiloni
756 4300 797 4366 St„
814 4301 970 4367 aquilonali
986 4299 1011 4356 h.
1045 4299 1086 4355 cf.
1105 4302 1141 4356 11.
1161 4306 1199 4355 20.
1223 4334 1254 4341 —
1279 4313 1305 4365 0)
1324 4303 1373 4354 ubi
1389 4301 1428 4356 St.
1447 4302 1529 4359 1111.
1557 4333 1585 4342 -
1613 4301 1638 4367 f)
1658 4298 1878 4370 1111111111.
1905 4331 1935 4339 -
1958 4305 1988 4372 g)
2006 4303 2150 4357 ‹limaisaior

613 4384 652 4440 St.
672 4415 705 4424 —
723 4384 753 4452 11)
772 4384 864 4440 Verba
881 4386 981 4438 Dauid
998 4416 1024 4424 —
1041 4393 1153 4455 portam
1172 4402 1224 4440 om.
1245 4385 1294 4453 St,
1315 4385 1400 4439 habet
1419 4385 1446 4439 h.

543 4545 614 4613 436)
638 4541 795 4617 1101101111]
817 4540 1079 4617 Franeogallorum
1091 4549 1226 4616 partoat.
1256 4539 1292 4598 V.
1334 4540 1422 4600 XVI.
1451 4546 1518 4602 3611.
1562 4538 1722 4608 1011101111,
1760 4536 1839 4616 apud
1867 4557 1954 4616 quem
1982 4537 2068 4596 turris
2100 4558 2150 4597 ne-

479 4640 530 4700 Fr.
546 4641 621 4700 Dies
641 4637 825 4699 Grammatik
847 4637 899 4697 der
921 4639 1123 4698 romanischen
1141 4638 1293 4718 Sprachen
1335 4638 1457 4697 bulosae
1491 4638 1666 4697 mentionem
1705 4656 1763 4693 non
1791 4637 1969 4708 invenimus,
2007 4635 2044 4695 de
2073 4649 2151 4697 turre

479 4738 558 4801 Part
580 4740 742 4817 1111288.
1337 4735 1487 4795 Tancredi
1514 4737 1634 4815 exponit
1662 4736 1692 4792 in
1713 4734 1785 4792 libro
1808 4735 1946 4814 inscripto
1969 4735 2100 4815 Topogr.
2123 4757 2149 4796 v.

542 4841 613 4911 437)
640 4856 728 4914 quaro
757 4839 899 4911 Iosephus
928 4856 997 4911 app.
1027 4837 1145 4911 Acrem]
1177 4837 1293 4916 loseph.
1335 4835 1433 4894 derue.
1456 4836 1478 4894 I.
1503 4839 1551 4894 69.
1576 4840 1623 4893 11.
1667 4832 1712 4893 Cf.
1741 4852 1857 4911 quoque
1878 4833 2001 4894 Tobleri
2020 4835 2151 4894 tabulam

478 4937 512 4998 B.
533 4938 565 5000 J.
588 4937 614 4995 I.
639 4942 663 5007 1,
687 4942 714 4995 4.
750 4933 795 4995 cf.
817 4935 852 4993 V.
877 4940 908 5006 6,
932 4940 958 4994 l.
994 4934 1146 4994 Robinson
1168 4935 1230 4996 Pal.
1254 4937 1293 4995 Π.
1335 4953 1436 5010 geogr.
1456 4934 1639 5012 inscriptam:
1661 4933 1738 4990 l’lan
1760 4953 1817 4990 von
1838 4932 2022 5006 Jerusalem,
2043 4935 2098 4993 wie
2119 4954 2151 4993 es

480 5043 519 5099 45
541 5057 605 5116 sqq.
1337 5052 1390 5090 aur
1419 5032 1483 5091 Zeit
1507 5030 1559 5091 der
1586 5030 1786 5091 Kreuzfahrer
1814 5052 1889 5102 war,
1920 5031 2051 5090 additam
2077 5032 2150 5092 libro

542 5137 613 5205 138)
649 5152 738 5209 usque
780 5135 822 5190 ad
855 5142 976 5208 portam
1017 5133 1161 5207 Effraym]
1204 5132 1294 5190 Porta
1337 5131 1414 5210 eius,
1437 5132 1486 5209 qui
1507 5140 1551 5190 est
1573 5131 1610 5190 de
1632 5130 1714 5189 fonte
1736 5127 1842 5189 Siloae.

477 5233 621 5316 Ephraim
653 5239 698 5290 est
725 5239 810 5309 porta
840 5231 992 5310 Stephani.
1038 5231 1074 5290 V.
1097 5232 1210 5291 Tobler
1233 5232 1293 5291 To·
1399 5234 1471 5295 441)
1493 5233 1529 5289 dc
1549 5239 1643 5306 porta
1664 5228 1759 5285 ueteri
1785 5228 1847 5284 siue
1867 5228 2038 5304 iudiciario]
2063 5229 2150 5288 Hanc

478 5354 561 5414 pogr.
582 5353 609 5392 v.
631 5332 729 5391 Jerus.
751 5331 776 5388 Ι.
802 5336 866 5390 149.
892 5336 956 5391 163.
978 5341 1085 5392 notam.
1337 5340 1450 5408 portam
1481 5329 1538 5387 alio
1569 5328 1686 5387 nomine
1714 5335 1830 5405 portam
1851 5326 1939 5385 villae
1959 5327 2079 5386 fullonis
2101 5348 2150 5386 vo·

541 5433 612 5504 439)
631 5439 753 5506 portam
783 5431 894 5505 anquis]
925 5429 962 5488 V.
984 5429 1137 5489 Robinson
1166 5431 1229 5488 Pal.
1253 5432 1294 5490 Π.
1337 5437 1432 5487 catam
1465 5447 1530 5487 esse
1552 5437 1653 5486 censet
1671 5423 1823 5484 Robinson
1846 5426 1909 5486 Pal.
1931 5427 1970 5486 II.
1996 5432 2059 5487 119.
2105 5425 2150 5486 Os.

483 5535 548 5591 116.
592 5527 863 5589 20111011111111.
888 5534 935 5589 23.
980 5528 1093 5589 Tobler
1112 5530 1244 5609 Topogr.
1265 5552 1293 5592 v.
1335 5527 1447 5587 Tobler
1469 5526 1601 5605 Topogr.
1621 5546 1648 5586 v.
1670 5525 1768 5584 Jerus.
1790 5524 1814 5584 I.
1841 5530 1895 5586 163
1913 5536 2021 5586 uotam.

476 5626 576 5688 Jerus.
594 5630 618 5688 I.
646 5631 700 5687 163
725 5636 833 5690 notam.
1398 5629 1469 5698 442)
1491 5626 1596 5683 montis
1615 5625 1704 5698 (lion,
1721 5624 1771 5700 qui
1794 5634 1899 5682 contro
1921 5626 2148 5683 occidentem—

541 5731 613 5801 446)
643 5726 737 5783 turris
766 5761 802 5768 -
834 5725 981 5801 nebulosa]
1016 5726 1120 5786 'l'ruris
1150 5726 1293 5786 nebulosa
1335 5746 1366 5785 se
1388 5726 1528 5801 sostendit]
1552 5723 1598 5784 cf.
1619 5736 1718 5781 uotam
1741 5728 1798 5784 546
1821 5722 1858 5782 ad
1880 5723 1965 5782 VllI.
1985 5729 2012 5783 6.

422 5867 426 5873 -
477 5827 627 5897 0111111111
652 5825 810 5884 Tancredi.
852 5825 964 5884 Rittero
986 5834 1104 5885 auctore
1123 5825 1292 5884 Burchardo
1398 5831 1469 5898 443)
1492 5845 1574 5883 risone
1603 5824 1707 5880 Morio
1736 5856 1776 5866 —
1804 5823 1940 5900 edificata
1969 5821 2065 5897 erant]
2103 5820 2148 5880 cf.

478 5924 532 5982 soli
553 5927 680 5984 nominis
703 5924 787 5984 huius
809 5925 941 5983 notitiam
964 5923 1112 5984 debemus.
1141 5925 1177 5984 V.
1200 5925 1293 5985 Ritter
1334 5923 1486 5984 Robinson
1509 5923 1572 5982 Pal.
1592 5922 1634 5980 II.
1658 5927 1704 5981 85.

1925 6036 1940 6083 6
