5334 6975
1260 707 1296 771 tt

477 884 672 970 Rcysabuch
694 885 750 949 des
773 886 912 971 heiligen
933 887 1064 952 Laudes
1086 886 1333 952 verschiedener
1357 889 1524 954 Autorum.
1566 890 1680 953 Edidit
1702 890 1882 977 bibliopola
1907 893 2026 957 Franc.
2048 894 2118 962 Nic.

518 1001 612 1065 Roth.
642 1002 794 1066 Francos.
819 1008 895 1071 1609
917 1013 949 1067 et
974 1008 1052 1070 1629
1076 1004 1109 1066 iu
1130 1002 1185 1066 fol.

479 1140 540 1204 Est
560 1140 624 1205 alia
645 1141 745 1207 editio
767 1140 843 1206 libri
865 1141 1107 1229 praecedentis,
1132 1166 1226 1229 quem
1250 1145 1375 1229 primus
1397 1145 1498 1210 edidit
1519 1146 1744 1232 Feyerabcnd.

479 1280 561 1366 Pag.
586 1285 762 1349 est-875
797 1281 948 1347 editionis
973 1281 1241 1347 francofurtensis
1273 1286 1471 1349 continetur:
1504 1285 1708 1372 Eigentlicbe
1737 1286 1804 1351 und
1831 1288 2033 1373 warhafftige
2058 1288 2117 1352 Be-

523 1396 720 1484 schreibung
749 1399 825 1463 desz
855 1396 996 1483 heiligen
1022 1398 1088 1461 vad
1115 1399 1254 1463 anderer
1282 1400 1477 1485 auligendeu
1499 1401 1651 1467 Litndern
1676 1439 1716 1448 -
1738 1403 1882 1467 Sonders
1905 1403 2013 1467 Fleisz
2040 1427 2116 1469 vom

521 1512 648 1577 Bruder
671 1514 832 1579 Broaardt
851 1550 892 1560 -
913 1513 1102 1577 Lateinisch
1125 1515 1159 1578 in
1181 1516 1286 1579 ciuem
1309 1515 1400 1580 Buch
1424 1540 1465 1581 an
1488 1518 1562 1603 Tag
1583 1517 1739 1605 gegeben.

477 1651 811 1718 Taschenbibliothek
838 1654 896 1718 der
917 1652 1121 1739 wichtigsten
1144 1653 1226 1718 See·
1249 1654 1315 1719 und
1339 1655 1597 1739 Laud-Reisen,
1619 1656 1886 1744 herausgegeben
1914 1682 1979 1724 von
1999 1658 2115 1723 doach.

520 1768 602 1833 Hur.
623 1769 710 1834 Jaek
738 1769 807 1836 Vol.
829 1768 845 1835 Ι
866 1792 953 1856 seqq.
981 1768 1107 1833 Ntirnh.
1134 1774 1212 1836 1827
1233 1793 1302 1858 sqq.
1325 1772 1358 1836 in
1385 1776 1446 1840 16⁰.

477 1909 529 1977 Of.
556 1910 595 1974 Τ.
617 1908 738 1974 'l'obler
764 1910 843 1974 awei
872 1909 1000 1974 Bticher
1032 1909 1266 1995 Topographie
1297 1934 1362 1976 von
1388 1912 1571 1979 Jerusalem
1599 1912 1708 1980 Voll
1736 1937 1765 2000 p.
1789 1913 1902 1994 XXV,
1937 1915 1992 1997 qui
2020 1914 2116 1977 citat:

521 2024 750 2091 Tascheubibl.
778 2026 1057 2107 Palaistinal,81
1081 2024 1113 2088 ff.

560 2166 789 2252 Interpretatio
810 2165 932 2231 batava
952 2166 1036 2229 inest
1055 2164 1141 2230 libro
1163 2189 1182 2230 a
1205 2167 1322 2236 Frauc.
1343 2168 1465 2234 Halma
1487 2168 1592 2251 edito,
1614 2170 1789 2255 inscripto:

475 2305 616 2369 Kanaau
637 2327 677 2369 en
697 2304 933 2390 d’omliggende
954 2304 1073 2370 lauden
1095 2316 1244 2371 vertoout
1266 2308 1300 2371 in
1322 2330 1381 2373 een
1403 2310 1651 2376 woordenboek.
1686 2309 1734 2374 Te
1755 2308 1988 2373 Leeuwarden.
2024 2315 2112 2374 1717.

518 2420 659 2486 Formae
684 2424 912 2506 quaternarias
942 2424 1082 2488 maioris.
1121 2421 1194 2487 Vid.
1217 2445 1290 2508 pag.
1320 2430 1376 2492 431
1392 2435 1508 2495 -453,
1551 2427 1750 2492 Asservatur
1776 2422 1942 2489 Bruxellis
1972 2425 2006 2487 iu
2036 2422 2115 2488 bibl.

520 2558 620 2621 regia.

912 2678 1283 2764 Interpretatioucs
1309 2679 1638 2766 francogallicas

432 2816 517 2881 duas
539 2828 669 2882 exstare
692 2828 890 2904 compertum
912 2817 1085 2900 habemus,
1111 2818 1246 2882 alteram
1266 2819 1299 2881 in
1323 2818 1407 2884 libro
1429 2820 1603 2908 inscripto:

477 2932 528 2997 La
548 2955 616 2997 mer
637 2933 695 2999 des
717 2934 877 3021 hystoires
888 2984 897 3016 ,
926 2936 1064 3020 primum
1087 2934 1173 2998 edito
1195 2956 1278 2998 anno
1304 2937 1382 3003 1488
1406 2935 1531 3001 duobus
1554 2936 1772 3002 voluminibus
1794 2938 1917 3001 formae
1940 2936 2113 3006 maximae,

517 3070 614 3135 quam
639 3048 796 3115 describit
809 3049 1037 3115 Beckmannus
1061 3073 1090 3137 p.
1110 3054 1150 3116 49
1173 3071 1251 3134 sqq,
1274 3047 1410 3114 alteram
1428 3052 1560 3117 Ioannis
1576 3052 1711 3134 Mieloti,
1732 3051 1838 3116 adhuc
1860 3074 1958 3115 mauu
1977 3060 2112 3131 tautum,

517 3165 612 3229 --id
640 3165 726 3253 quod
753 3189 851 3253 quum
881 3165 1000 3231 nullius
1028 3167 1123 3251 pretii
1156 3167 1197 3230 sit
1227 3163 1306 3231 satis
1335 3188 1497 3253 superque
1525 3168 1644 3232 sufficit
1666 3208 1706 3219 -
1728 3168 1901 3254 scriptam,
1934 3166 1975 3231 de
1998 3188 2063 3252 qua
2083 3189 2114 3229 v.

518 3280 557 3345 V.
581 3281 727 3361 Clericus
749 3282 832 3346 Hist.
854 3282 901 3347 lit.
924 3283 965 3346 de
987 3281 1019 3346 la
1040 3283 1095 3347 Fr.
1115 3282 1209 3347 XXI.
1232 3288 1291 3349 205
1315 3304 1361 3368 sq.

852 3533 898 3579 DE
920 3532 1033 3579 vanus
1052 3532 1249 3579 EDITIONUM
1271 3530 1472 3578 BURCHARDI
1496 3531 1687 3582 CLASSIBUS.

559 3680 788 3745 Beckmaunus
811 3692 842 3746 et
862 3681 976 3745 Victor
994 3680 1140 3747 Clericus
1169 3689 1307 3767 quatuor
1334 3679 1509 3746 editionum
1533 3680 1653 3745 classes
1683 3682 1924 3747 constituerunt.
1968 3680 2115 3760 Quarum

435 3798 542 3884 prima
573 3819 614 3861 ex
643 3799 809 3882 utriusque
836 3798 995 3862 sententia
1023 3796 1090 3861 solo
1122 3795 1317 3862 Rudimento
1349 3798 1551 3862 uouiciorum
1573 3799 1762 3862 continetur.
1804 3797 1916 3883 Neque
1941 3797 2113 3876 immerito,

432 3935 630 4001 quamquam
652 3923 785 3998 uterque
804 3914 937 3977 nimium
960 3914 989 3977 ci
1009 3912 1162 3977 tribuisse
1182 3912 1321 3978 videtur.

557 4051 788 4117 Rudimentum
817 4053 901 4117 enim
930 4053 1131 4117 uouiciorum
1153 4052 1305 4118 Lubeeae
1331 4060 1407 4120 1475
1438 4053 1575 4134 editum,
1605 4066 1639 4117 ut
1667 4063 1791 4117 tacetuu
1818 4052 1859 4116 dc
1885 4053 2019 4116 raritate
2041 4053 2109 4115 eius

438 4180 602 4254 tamquam
628 4167 891 4254 bibliophilorum
911 4171 1072 4250 retundier
1086 4170 1342 4255 exoptatissimi,
1371 4168 1428 4233 sed
1443 4171 1501 4232 vix
1517 4166 1741 4254 impetrabilis,
1763 4189 1821 4253 per
1840 4189 1874 4231 se
1890 4190 2016 4254 quoque
2033 4190 2112 4230 vcra

436 4283 619 4349 Burchardi
634 4283 733 4348 editio
749 4283 812 4348 dici
828 4285 948 4370 nequit.
982 4283 1092 4348 Scatet
1105 4286 1188 4348 enim
1205 4308 1269 4350 uon
1286 4284 1387 4349 solum
1402 4285 1491 4349 vitiis
1507 4285 1695 4368 mendisque
1710 4282 1836 4346 librarii
1852 4296 1883 4346 et
1901 4283 2112 4369 typographi,

433 4399 494 4464 sed
516 4423 615 4487 quum
631 4399 712 4464 nihil
726 4401 767 4463 sit
782 4401 845 4463 nisi
863 4399 1089 4485 apographum
1106 4423 1126 4462 a
1140 4398 1301 4485 plagiario
1317 4399 1457 4486 quodam
1473 4404 1602 4486 inopus
1617 4399 1721 4463 maius
1735 4400 1854 4463 furtive
1869 4408 2112 4479 transsumam,

433 4517 505 4581 fieri
527 4539 591 4581 nou
614 4526 740 4601 poterat
762 4516 839 4601 quin
861 4516 983 4601 passim
1006 4513 1107 4579 verba
1129 4514 1271 4600 singula,
1294 4514 1358 4578 loci
1380 4514 1461 4580 adeo
1483 4518 1542 4580 toti
1563 4520 1816 4580 immutarentur.
1850 4515 1900 4578 Ita
1914 4514 1977 4579 VII
2001 4521 2014 4580 t
2032 4526 2114 4580 extr.

433 4632 468 4695 in
482 4631 676 4697 Rudimento
697 4632 897 4695 uouiciorum
919 4630 1053 4715 legitur:
1078 4644 1266 4693 transeamus
1286 4644 1446 4694 torrentem
1471 4635 1597 4710 Cedrou,
1619 4644 1650 4692 at
1671 4635 1825 4693 ueniamus
1849 4634 1880 4691 ia
1897 4633 2028 4710 Golputa
2051 4655 2115 4693 cunt

439 4751 558 4810 Christo
580 4752 745 4825 morientes,
767 4760 799 4808 ut
822 4770 884 4809 carn
907 4771 940 4808 eo
957 4751 1080 4827 pariter
1102 4754 1314 4828 resurgamus!
1337 4746 1430 4827 Quae
1451 4748 1553 4812 verba
1576 4748 1655 4811 satis
1679 4747 1867 4832 discrepant
1890 4745 1932 4810 ab
1954 4749 2011 4827 iis,
2033 4768 2116 4832 quae

433 4863 582 4928 codicum
606 4863 847 4950 Staphorstiani
868 4875 899 4926 ct
920 4862 1054 4927 alterius
1076 4862 1325 4948 hamburgensis
1349 4864 1391 4928 ad
1412 4862 1512 4928 fidem
1533 4862 1746 4928 Burchardus
1765 4865 1836 4948 ipsc
1858 4862 1997 4947 scripsit.

558 5005 699 5068 'l'extum
732 5001 931 5083 Burchardi,
974 5002 1101 5088 qualem
1131 5002 1266 5088 praebet
1292 5003 1520 5067 Rudimentum
1550 5004 1769 5085 uouiciorum,
1809 5005 1836 5066 si
1866 5003 2109 5086 comparaveris

433 5142 507 5184 cunr
546 5119 630 5184 libro
666 5117 931 5204 Staphorstiano,
973 5118 1150 5205 intelliges,
1193 5119 1328 5184 candem
1361 5122 1429 5184 fere
1461 5121 1546 5184 iuter
1582 5130 1752 5204 utrumque
1787 5121 1945 5183 rationem
1979 5119 2113 5183 interce·

433 5234 522 5318 dere,
545 5258 627 5323 quae
650 5236 691 5298 sit
715 5237 798 5298 inter
818 5233 1010 5320 Eutropium
1033 5243 1065 5298 et
1084 5234 1220 5300 Paulum
1242 5235 1437 5315 Diaconum,
1458 5248 1492 5300 ut
1514 5257 1578 5298 non
1599 5235 1668 5298 sine
1690 5237 1837 5299 cautione
1860 5234 2020 5319 agendum
2044 5258 2114 5300 esse
2160 5233 2162 5236 ’

434 5350 595 5415 videatur.

558 5489 791 5554 lludimentum
813 5491 1013 5554 noviciorum
1028 5489 1228 5554 Beckmanni
1252 5493 1412 5554 sententia
1431 5491 1581 5576 proxime
1603 5490 1747 5575 sequitur
1771 5488 1871 5553 editio
1886 5501 2011 5554 veneta.
2051 5489 2116 5553 b'ed

435 5603 516 5668 haec
538 5605 585 5682 (id
608 5604 695 5691 quod
717 5615 804 5669 recte
826 5604 907 5669 vidit
928 5605 1041 5669 Victor
1064 5605 1222 5683 Clericus)
1245 5606 1324 5671 nihil
1355 5617 1403 5670 est
1426 5607 1488 5669 nisi
1513 5604 1726 5691 paraphrasis
1748 5603 1866 5668 nullius
1890 5605 1985 5690 plane
2008 5607 2116 5691 pretii,

434 5721 468 5784 iu
495 5742 559 5807 qua
588 5720 787 5786 conficienda
811 5720 1062 5807 Chrysostomus
1085 5721 1224 5787 lavellus
1257 5723 1361 5788 oleum
1392 5734 1423 5786 et
1455 5743 1588 5808 operam
1618 5720 1801 5807 perdidisse
1823 5719 1959 5784 videtur.
2003 5721 2114 5808 Neque

434 5849 506 5900 erat
529 5836 652 5921 quoda
673 5837 845 5902 Reiucccio
868 5848 1078 5922 repeteretur.

559 5976 683 6042 Cauisii
707 5977 806 6042 editio
828 5977 968 6062 pertinet
990 5976 1032 6040 ad
1056 5979 1154 6062 prius,
1177 5977 1217 6042 de
1238 6001 1302 6065 quo
1326 6000 1425 6062 supra
1446 5976 1599 6056 diximus,
1623 5975 1770 6040 codicum
1794 5996 1906 6058 genus,
1929 5987 1960 6040 et
1982 5978 2112 6058 iniuria,

1891 6093 1905 6141 3
