5334 6975
1456 693 1491 752 14

792 877 941 935 monacho.
972 871 978 949 1
1010 869 1144 954 Aliquot
1177 870 1352 954 insignium
1382 868 1541 952 lolcorum
1573 884 1680 934 terrae
1714 880 1845 934 sanctae
1878 868 2052 955 explicatio
2088 880 2119 933 et
2147 869 2304 935 historiae

793 1010 851 1075 per
870 989 875 1069 Ι
893 985 1081 1073 Philippum
1102 984 1369 1068 hlelanlthonem.
1410 983 1630 1070 Witebergae.
1671 984 1866 1049 Excudebat
1886 984 2054 1050 Jobannes
2072 984 2170 1050 Lufft.
2205 984 2302 1049 Anno

793 1101 1038 1168 M.D.LXXIX.

750 1218 959 1283 Burchardus
979 1218 1098 1303 legitur
1120 1240 1196 1304 pag.
1219 1222 1390 1286 atu-285.
1432 1216 1596 1305 Exempla
1616 1216 1692 1282 libri
1715 1229 1787 1282 sunt
1809 1216 1952 1283 Berolini
1973 1228 2004 1281 et
2025 1215 2218 1302 Hamburgi.

630 1356 748 1429 Edt'ltb
774 1353 838 1427 XI
861 1373 950 1436 1587.
981 1371 1184 1447 semmae.
1210 1372 1239 1435 s.

795 1484 846 1549 W.
868 1484 979 1548 Koner
1002 1483 1041 1547 V.
1063 1482 1104 1546 D.
1132 1503 1192 1568 pro
1224 1503 1263 1546 ea
1292 1504 1356 1568 qua
1383 1493 1432 1547 est
1452 1482 1652 1547 humanitate
1678 1505 1729 1547 me
1760 1485 1931 1546 certiorem
1960 1482 2055 1564 fecit,
2084 1482 2248 1546 asservari
2270 1481 2304 1543 in

793 1599 998 1665 Bibliotheca
1018 1598 1122 1684 Regia
1136 1597 1340 1663 Berolinensi
1360 1598 1533 1663 editionem
1554 1596 1630 1663 libri
1651 1598 1786 1663 Peuceri
1807 1596 1848 1661 de
1866 1597 2065 1664 dimensione
2082 1609 2199 1678 terrae,
2221 1618 2305 1684 quae

794 1714 917 1803 prodiit
938 1737 1022 1780 anno
1048 1720 1136 1796 1587,
1158 1715 1245 1778 etin
1268 1737 1307 1779 ea
1328 1737 1348 1778 a
1370 1736 1445 1801 pag.
1464 1713 1541 1779 inde
1562 1720 1623 1782 tto
1643 1716 1749 1779 inesse
1763 1712 1998 1778 Burchardum.
2041 1713 2137 1794 Quod
2150 1714 2305 1799 ignorant

795 1842 827 1897 et
847 1831 1076 1896 Beckmaunus
1099 1840 1130 1893 et
1152 1830 1266 1894 Victor
1288 1829 1443 1896 Clericus.
1484 1830 1545 1895 Est
1566 1832 1663 1894 etiam
1686 1829 1825 1895 Londini
1845 1832 1879 1894 in
1899 1828 2094 1895 bibliotheca
2107 1828 2211 1894 Musei
2225 1828 2299 1893 Bri-

791 1948 924 2013 tannici.
966 1945 1042 2011 Vid.
1064 1945 1158 2011 catal.
1179 1945 1283 2011 Lond.
1308 1952 1387 2013 1817
1408 1946 1470 2012 vol.
1492 1946 1523 2010 V
1544 1945 1677 2033 plagula
1698 1946 1724 2010 Z
1748 1968 1824 2033 pag.
1847 1955 1876 2013 1.

629 2086 748 2160 Edita)
772 2083 854 2157 XII
872 2100 960 2164 1587.
983 2098 1190 2175 Itaqueiam
1223 2101 1251 2159 1.

793 2211 1001 2290 Borcliardns
1021 2209 1198 2275 monachus
1222 2209 1414 2276 Germanus.
1455 2212 1642 2297 Descriptio
1670 2221 1776 2274 terrac
1805 2220 1936 2275 sanctae
1958 2220 1989 2274 et
2011 2211 2179 2296 regionum
2200 2211 2298 2275 finiti-

792 2352 927 2394 marum.
969 2328 1050 2392 Item
1071 2327 1273 2391 itinerarium
1293 2326 1626 2414 Hierosolymitanum
1646 2326 1887 2391 Bartholomaei
1909 2325 1950 2390 de
1973 2323 2167 2410 Saligniaco.
2208 2325 2302 2412 Mag·

791 2445 938 2530 deburgi.
972 2446 1059 2508 1587.
1081 2450 1109 2507 1.

750 2579 846 2643 Hanc
876 2573 1049 2641 editionem
1077 2586 1225 2639 asservat
1245 2575 1449 2640 Bibliotheca
1475 2576 1566 2662 regia
1587 2574 1817 2641 Berolinensis.
1862 2574 1954 2655 Quae
1980 2585 2193 2662 componatur
2222 2574 2298 2639 licet

627 2718 700 2761 cum
723 2695 807 2760 libro
829 2691 1014 2775 Hamburgi
1037 2701 1203 2755 asservato
1226 2692 1400 2778 inscripto:

755 2826 963 2890 ltincrarinm
986 2845 1099 2887 sacrae
1123 2824 1313 2909 scripturae,
1337 2823 1397 2888 hoc
1419 2833 1468 2886 est
1489 2836 1621 2888 sanctae
1642 2834 1749 2888 terrae
1770 2824 2001 2910 regionumque
2023 2824 2233 2888 finitimarum
2248 2822 2302 2887 de·
2393 2863 2399 2875 ·

628 2944 775 3028 scriptio,
798 2939 1014 3027 complectens
1038 2939 1215 3004 secundum
1237 2937 1349 3003 literas
1372 2961 1445 3002 cum
1467 2950 1629 3003 recentem
1651 2938 1983 3025 Hierosolymitanam
2009 2939 2168 3004 derebus
2190 2937 2305 3004 Sarra-

628 3059 763 3139 ccnicis,
793 3056 943 3123 Turcicis
970 3067 1001 3120 et
1021 3055 1221 3136 Tartaricis,
1254 3065 1321 3119 tum
1349 3053 1506 3140 reliquam
1537 3054 1728 3120 orientalem
1749 3056 1932 3138 historiam,
1964 3059 1998 3121 in
2020 3054 2198 3121 Germania
2221 3077 2307 3119 nunc

630 3175 768 3261 primum
797 3175 831 3237 in
859 3172 963 3237 lucem
994 3172 1082 3236 edita
1111 3174 1131 3236 b
1163 3169 1411 3235 Bartholomaeo
1439 3169 1480 3236 de
1507 3170 1710 3256 Saligniaco,
1739 3171 1857 3259 Equite
1883 3185 1915 3237 et
1938 3173 2170 3238 Iurisconsulto
2200 3170 2308 3238 Gallo.

628 3289 861 3376 Magdeburgi,
889 3287 1072 3353 excudebat
1092 3286 1213 3352 Paulus
1235 3287 1400 3369 Donatus,
1429 3289 1585 3373 impensis
1606 3287 1772 3376 Ambrosij
1794 3287 1960 3371 Kircheri,
1989 3312 2073 3354 anno
2095 3286 2307 3354 nexem.

628 3405 710 3473 Cum
732 3408 839 3493 gratia
859 3413 890 3469 et
914 3404 1085 3491 privilegio
1108 3413 1138 3467 ct
1161 3424 1191 3489 q.
1215 3426 1240 3466 s.

750 3539 846 3603 Hanc
868 3539 1114 3623 inscriptionem
1137 3537 1260 3621 excipit
1282 3535 1441 3621 praefatio
1464 3538 1511 3600 sic
1533 3539 1710 3624 inscripta:

751 3670 905 3756 Equestri
928 3679 958 3732 et
977 3678 1102 3732 vetusto
1123 3671 1252 3753 generis
1274 3667 1456 3755 splendore,
1481 3669 1630 3734 doctrina
1650 3683 1681 3734 et
1702 3673 1820 3734 virtute
1841 3670 2041 3736 nobilissimo
2064 3674 2144 3754 viro,
2176 3672 2306 3737 domino

629 3785 792 3850 loaehimo
820 3784 862 3850 ab
883 3783 1119 3864 Aluenslebcn,
1153 3782 1281 3848 domino
1305 3783 1454 3848 Erxlebii
1477 3796 1550 3866 etc,
1577 3796 1714 3871 patrono
1736 3787 2000 3873 exoptatissimo,
2028 3788 2061 3853 S.
2084 3788 2127 3851 D.
2148 3788 2307 3852 Reinerus

630 3902 820 3967 Reineccius
835 3900 1059 3965 Steinhemius.
1103 3900 1195 3979 Quae
1217 3900 1376 3986 praefatio
1399 3923 1495 3984 quum
1518 3900 1595 3965 data
1613 3903 1653 3966 sit
1672 3925 1756 3967 anno
1770 3902 2048 3985 lll.D.LXXXVI,
2072 3905 2215 3987 sequitur
2233 3925 2308 3968 eam

629 4019 795 4105 pertinere
815 4015 857 4081 ad
879 4016 1053 4081 editionem
1076 4017 1152 4079 anni
1177 4022 1263 4084 1587.

752 4150 872 4235 Incipit
900 4148 1051 4213 volumen
1079 4147 1203 4213 alibro
1225 4147 1422 4229 Burchardi,
1450 4150 1541 4213 cuius
1562 4150 1595 4213 in
1617 4151 1680 4214 tine
1703 4152 1783 4215 haec
1813 4162 1860 4215 cst
1883 4151 2095 4237 subscriptio:
2124 4151 2224 4216 Liber
2252 4151 2307 4216 dc·

628 4267 815 4351 scriptionis
848 4275 954 4330 terrae
987 4275 1119 4330 sanctae
1147 4265 1315 4353 eidemque
1343 4265 1559 4330 adiacentium
1591 4270 1776 4352 regionum,
1809 4267 1915 4332 editus
1947 4267 1989 4331 ab
2022 4266 2244 4331 eruditissimo
2277 4282 2308 4331 et

630 4381 838 4445 deuotissimo
869 4393 962 4466 patre
992 4381 1116 4446 ordinis
1139 4381 1417 4467 praedicatorum,
1445 4382 1634 4447 Professore
1655 4383 1846 4449 Borchardo
1868 4383 2043 4464 Alemano,
2066 4383 2210 4468 explicit.
2252 4383 2310 4448 Se·

631 4500 739 4583 quitur
761 4495 878 4559 deinde
900 4520 985 4561 nora
1007 4499 1195 4583 inscriptio:
1222 4498 1428 4562 Itinerariunr
1449 4499 1611 4564 Hierosol.
1633 4499 1876 4565 Bartholomaei
1898 4497 1938 4563 de
1959 4497 2161 4583 Saligniaco,
2184 4500 2306 4586 equitis

630 4623 661 4677 et
693 4611 902 4676 iureconsulti
932 4611 1036 4692 Galli,
1071 4615 1253 4698 praemissa
1287 4613 1431 4679 eiusdem
1458 4617 1605 4680 oratione
1637 4615 1677 4680 de
1705 4616 1856 4680 laudibus
1884 4627 1992 4680 terrae
2019 4627 2161 4678 sanctae.
2210 4616 2305 4679 Anno

629 4727 926 4792 hl.D.LXXXVIl.

753 4860 878 4925 Eodem
910 4881 973 4946 qno
1004 4882 1063 4922 uos
1084 4858 1160 4924 libri
1187 4860 1337 4947 exemplo
1356 4862 1587 4948 hamburgensi
1618 4886 1693 4928 usus
1715 4876 1780 4946 cst,
1810 4867 1873 4929 nisi
1893 4863 2002 4945 fallor,
2032 4863 2224 4945 Fabricius,
2254 4865 2308 4950 qui

628 4975 712 5042 Bibl.
734 4975 788 5040 lat.
812 4974 894 5040 med.
919 4986 951 5040 et
971 4976 1027 5038 inf.
1047 4975 1121 5040 Lat.
1144 5000 1174 5063 p.
1189 4983 1265 5044 775:
1287 4976 1353 5042 Sed
1375 4980 1567 5055 accuratius,
1589 4979 1708 5063 inquit,
1730 4982 1952 5067 integriusqne
1967 4980 2217 5059 ¹(Burchardum)
2240 4979 2309 5044 rul-

629 5093 721 5177 gavit
741 5092 932 5157 Reincccius
957 5114 1030 5157 cum
1052 5093 1219 5158 itinerario
1241 5094 1400 5159 Hierosol.
1423 5094 1662 5159 Bartholomaei
1686 5096 1726 5160 dc
1748 5096 1943 5180 Saliguiaco.
1974 5096 2192 5182 Magdcburgi
2219 5103 2306 5164 1587.

634 5210 785 5273 159111.
824 5209 863 5272 In
883 5231 946 5295 quo
968 5209 1088 5273 iudicio
1109 5222 1197 5274 errat
1218 5210 1400 5275 Fabricius.

629 5342 751 5414 Editio
778 5342 880 5416 ,llll
907 5364 992 5425 15113,
1021 5362 1227 5438 lloydeburpi.
1256 5366 1285 5425 1.

796 5475 901 5539 lluius
929 5473 1078 5538 editionis
1101 5475 1269 5559 inscriptio
1292 5483 1379 5537 certe
1399 5473 1584 5559 Hamburgi
1606 5486 1808 5556 asservatur,
1838 5498 1994 5564 eamque,
2024 5490 2058 5541 ut
2082 5489 2170 5563 patet
2192 5498 2233 5540 ex
2256 5477 2307 5555 iis,

796 5614 880 5678 quac
902 5590 944 5655 nd
965 5590 1136 5654 editionem
1151 5589 1216 5653 ΧΠ
1237 5592 1473 5673 arrnotavimns,
1496 5590 1538 5655 ab
1560 5590 1699 5655 editione
1712 5591 1778 5655 XII
1797 5592 2008 5678 inscriptione
2030 5604 2153 5656 tantum
2174 5592 2305 5656 differre

797 5708 1011 5793 suspicamur,
1034 5704 1147 5770 cadom
1170 5715 1277 5769 textus
1298 5709 1486 5773 recensione
1508 5706 1569 5789 bis,
1595 5707 1652 5771 sed
1674 5707 1941 5793 inscriptionibus
1962 5708 2063 5772 variis
2086 5709 2181 5774 edita.

755 5840 907 5905 Ceterum
927 5837 1090 5901 Reincceii
1118 5837 1217 5902 editio
1241 5840 1375 5904 minoris
1398 5841 1495 5904 etiam
1518 5841 1615 5926 pretii
1638 5849 1686 5904 est
1707 5862 1804 5925 quam
1826 5840 1966 5920 Veneta,
2000 5841 2090 5904 cuius
2114 5842 2219 5907 indice
2242 5844 2306 5928 pri·

631 5966 707 6018 vata
729 5966 787 6037 ast,
809 5977 913 6043 noque
935 5965 1006 6017 crat
1027 5953 1113 6039 quod
1134 5953 1284 6020 laudibus
1308 5955 1476 6020 efferretur
1498 5977 1518 6020 a
1540 5956 1692 6023 Fabricio
1715 5970 1745 6022 et
1767 5957 1984 6023 Bechnranno.
