5334 6975
1288 666 1346 727 117

482 860 643 926 pauperes
675 849 815 926 coquunt
840 840 958 904 multas
987 862 1100 905 carnes
1131 850 1163 905 et
1191 840 1351 928 sepeliunt
1378 862 1451 904 cum
1476 850 1619 921 mortno,
1649 837 1886 903 circumdantes
1915 861 1989 903 eum
2011 837 2152 926 vndiquo

484 953 637 1019 carnibus
660 956 758 1019 coctis
780 965 812 1019 et
832 958 935 1019 eciam
956 955 1099 1020 vestibus
1120 957 1214 1019 nouis
1237 965 1344 1041 preter
1366 966 1482 1037 vestes,
1504 953 1621 1041 quibus
1640 953 1784 1019 induitur
1801 966 1957 1019 mortuus.
1991 956 2036 1020 Et
2051 956 2187 1025 eciams

483 1068 562 1134 dant
589 1071 619 1133 ei
647 1070 789 1156 aliquam
816 1072 997 1155 pecuniam.
1038 1070 1168 1136 Diuites
1193 1093 1271 1135 vero
1302 1071 1456 1135 carnibus
1477 1083 1508 1135 et
1530 1072 1665 1155 pecunie
1687 1070 1810 1134 addunt
1837 1072 1939 1134 eciam
1960 1073 2187 1140 mutatoriass

482 1196 606 1266 vestes,
634 1195 666 1248 et
689 1197 813 1272 ponunt
834 1185 893 1250 sub
916 1188 1022 1272 capite
1045 1188 1162 1251 mortui
1184 1186 1237 1250 vel
1258 1197 1383 1251 mortue
1414 1196 1537 1250 vestem
1567 1187 1748 1272 speciosam
1778 1196 1809 1249 et
1829 1186 2009 1272 preciosam
2032 1185 2153 1252 inuolu-

481 1311 559 1382 tam,
582 1312 614 1364 et
635 1301 745 1366 dicunt
767 1303 812 1365 ei:
833 1301 891 1383 „Si
913 1305 1036 1365 veniret
1058 1302 1186 1389 aliquis,
1210 1312 1241 1367 ct
1262 1301 1359 1366 vellet
1379 1301 1440 1365 tibi
1461 1303 1589 1366 auferre
1610 1300 1650 1364 dc
1664 1300 1780 1383 dorso,
1800 1324 1864 1365 non
1886 1304 2074 1388 permittas,
2097 1302 2154 1364 scd

483 1414 526 1480 da
547 1417 577 1480 ei
597 1418 707 1499 istam,
737 1439 799 1503 que
821 1429 869 1481 est
890 1417 950 1481 suh
971 1423 1089 1503 capite,
1131 1418 1175 1481 Et
1197 1420 1224 1483 si
1246 1417 1363 1503 aliquis
1385 1416 1445 1481 tibi
1465 1418 1586 1481 faceret
1609 1419 1807 1503 questionem
1835 1416 1875 1480 de
1894 1418 1985 1500 Deo,
2016 1418 2188 1489 obseruas

481 1530 581 1613 bene,
615 1505 700 1618 quod
728 1532 827 1596 nichil
852 1534 1065 1618 respondeas,
1096 1533 1155 1597 sed
1184 1532 1274 1597 dicas
1303 1532 1424 1598 solum:
1446 1532 1553 1614 „Seic,
1583 1531 1669 1619 quod
1690 1533 1782 1596 Deus
1811 1542 1860 1595 est
1879 1532 2002 1597 Deus.“
2045 1533 2088 1597 Et
2109 1536 2190 1603 itaa

483 1646 642 1733 sepeliunt
663 1670 743 1711 eum.
786 1647 898 1732 Magni
920 1651 1022 1713 eciam
1044 1650 1185 1714 barones
1207 1649 1357 1714 omnibus
1377 1648 1439 1712 hiis
1461 1648 1586 1712 addunt
1607 1671 1724 1731 equum
1745 1647 1873 1711 bonum.
1907 1649 1992 1712 Nam
2014 1639 2188 1754 armiger}

482 1764 550 1827 eius
575 1763 721 1827 ascendit
741 1786 867 1850 equum,
889 1786 961 1828 cum
981 1766 1046 1851 ipsi
1069 1776 1186 1851 parant
1208 1788 1243 1829 se
1265 1766 1308 1829 ad
1332 1763 1554 1850 sepeliendum
1575 1774 1747 1845 mortuum,
1770 1776 1802 1827 et
1821 1763 1939 1848 fatigat
1954 1781 2071 1849 equum
2086 1786 2154 1826 cur·

482 1878 583 1943 rendo
608 1889 639 1941 et
668 1878 864 1943 reuoluendo
895 1902 996 1965 vsquo
1029 1881 1071 1944 ad
1092 1880 1331 1962 lassitudinem,
1367 1891 1399 1944 et
1420 1891 1534 1966 postea
1555 1878 1636 1942 lauit
1657 1902 1738 1964 equo
1761 1891 1860 1965 caput
1882 1904 1954 1943 cum
1977 1881 2052 1943 vino
2073 1902 2155 1966 puro

483 2004 516 2058 et
535 1995 628 2075 forti,
650 2005 682 2057 et
704 2018 804 2081 equus
826 1995 929 2077 cadit,
959 2007 991 2060 et
1011 1999 1083 2082 ipse
1105 2009 1272 2060 exenterat
1294 2018 1369 2060 eum
1391 2008 1422 2060 et
1444 2004 1583 2059 euacuat
1606 1996 1713 2059 omnia
1735 1993 1774 2057 dc
1795 2006 1909 2058 ventre
1930 1998 2020 2082 equi,
2049 2005 2080 2059 et
2100 1997 2156 2058 im·

481 2108 550 2195 plet
569 2108 671 2173 herba
692 2110 806 2191 viridi,
835 2120 866 2173 et
887 2124 1001 2196 postea
1021 2111 1127 2196 infigit
1148 2111 1258 2197 palum
1280 2135 1434 2196 magnum
1464 2134 1521 2196 per
1543 2112 1739 2195 posteriora,
1769 2121 1801 2173 et
1833 2111 1912 2173 facit
1934 2110 2044 2196 palum
2067 2112 2157 2173 exire

482 2246 585 2310 vsquc
606 2224 648 2288 ad
669 2248 719 2307 os,
750 2230 848 2289 etita
869 2225 1002 2290 dimittit
1023 2249 1138 2313 equum
1160 2227 1422 2313 impotatumw),
1451 2238 1483 2289 et
1504 2226 1672 2311 suspendit
1694 2248 1765 2288 eum
1787 2238 1819 2289 et
1841 2225 1973 2289 mandat
1994 2228 2038 2307 ci,
2071 2223 2157 2310 quod

484 2341 526 2404 sit
541 2352 694 2427 paratus,
718 2341 983 2429 quandocumque
999 2342 1054 2405 wlt
1075 2342 1222 2407 dominus
1244 2364 1386 2428 surgere,
1408 2352 1440 2405 et
1459 2352 1535 2404 tunc
1550 2345 1739 2427 cooperiunt
1756 2353 1916 2405 mortuum
1932 2342 1964 2404 in
1982 2339 2156 2427 sepultura.

484 2455 566 2521 Cum
586 2479 664 2520 vero
686 2458 822 2520 moritur
843 2457 1036 2542 imperator,
1058 2458 1221 2521 adduntur
1242 2457 1398 2543 predictis
1420 2480 1531 2523 omnes
1553 2456 1680 2543 lapides
1702 2459 1842 2543 preciosi
1864 2468 1896 2519 et
1917 2458 2020 2520 eciam
2046 2456 2156 2539 magni
2173 2460 2190 2510 9

481 2570 633 2635 thesauri.
676 2572 720 2635 Et
740 2584 974 2636 consueuerunt
995 2575 1097 2637 eciam
1122 2573 1258 2660 sepelire
1281 2595 1354 2637 cum
1378 2572 1507 2637 domino
1530 2585 1655 2637 mortuo
1679 2596 1779 2659 vsqne
1793 2574 1909 2657 viginti
1927 2593 2038 2636 seruos
2052 2572 2156 2651 viuos,
2178 2575 2207 2624 ¹0

480 2696 516 2751 vt
537 2699 645 2750 essent
663 2691 770 2772 parati
792 2690 914 2752 seruire
937 2687 1080 2771 dominc,
1104 2712 1176 2754 cum
1195 2689 1332 2754 volucrit
1353 2712 1495 2774 surgere,
1519 2689 1575 2752 sed
1597 2699 1769 2775 postquam
1789 2690 1972 2751 conuersati
1994 2697 2068 2749 sunt
2085 2707 2156 2748 cum

484 2802 690 2884 Christianis,
712 2802 890 2869 Christiani
912 2803 973 2867 hoc
994 2805 1119 2870 lacinus
1139 2805 1306 2870 horrentes
1325 2804 1621 2891 reprehenderunt,
1644 2804 1804 2868 dieentes:
1837 2804 1930 2884 „Non
1954 2813 2003 2865 cst
2022 2799 2156 2880 licitum,

480 2928 517 2983 vt
537 2922 631 2983 viuus
653 2919 827 3005 sepeliatur
850 2943 921 2983 cum
944 2923 1100 2987 mortuc.“
1143 2922 1237 2985 Vnde
1259 2921 1451 2984 dimiserunt
1472 2920 1513 2983 de
1541 2922 1643 2984 seruis
1674 2920 1787 2984 solum.
1830 2920 1899 3003 lpsi
1926 2916 2002 2982 vcro
2025 2917 2157 2980 Tartari
2176 2894 2206 3012 l}
2270 2970 2272 2974 ,

481 3034 616 3098 multum
638 3048 840 3099 murmurant
862 3046 974 3100 contra
997 3036 1218 3117 Christianos,
1248 3048 1280 3100 et
1316 3036 1428 3099 dicunt
1459 3057 1513 3099 eos
1544 3059 1615 3100 esse
1637 3035 1782 3100 homines
1805 3033 1952 3099 crudeles
1975 3046 2006 3098 et
2028 3054 2156 3113 anama,

481 3151 557 3236 quia
577 3152 644 3214 suis
666 3153 802 3215 mortuis
825 3174 891 3216 non
912 3152 1086 3237 prouident
1106 3154 1140 3215 in
1160 3153 1314 3238 expensis
1325 3201 1334 3234 ,
1361 3175 1420 3215 nec
1442 3154 1477 3215 in
1498 3151 1572 3216 cibo
1595 3164 1627 3215 et
1647 3152 1801 3215 vestibus.
1844 3152 1945 3232 Nam,
1977 3160 2012 3213 vt
2034 3148 2155 3212 dictum
2175 3164 2206 3215 13

481 3276 545 3348 est,
576 3266 708 3329 Tartari
735 3278 908 3352 expectant
934 3267 1097 3352 quandam
1125 3270 1392 3332 resurrectionem
1413 3268 1537 3333 latuam
1560 3267 1603 3331 ad
1624 3270 1720 3332 istam
1749 3280 1781 3331 et
1803 3265 1939 3330 candem
1962 3267 2062 3329 vitam
2086 3288 2155 3328 cor·

479 3382 676 3469 ruptibilcm,
698 3392 729 3445 et
750 3381 878 3468 quando
901 3394 1038 3469 possunt
1060 3406 1135 3448 suos
1158 3392 1302 3448 mortuos
1324 3382 1463 3470 sepelire
1485 3383 1573 3468 apud
1596 3383 1751 3448 ecelesias
1775 3399 1806 3447 et
1827 3385 1861 3446 in
1878 3384 2045 3446 cimiteriis
2063 3380 2155 3445 Chri.

480 3502 678 3577 stianorum,
705 3499 804 3563 multo
831 3502 941 3585 precio
971 3513 1081 3564 emunt
1102 3499 1301 3586 sepultiuam
1323 3500 1365 3564 ab
1386 3501 1560 3586 episeopis.
1604 3501 1733 3566 Posicio
1749 3504 1790 3580 Π)
1814 3510 1921 3564 autem
1943 3500 2155 3563 Tartarcrum
2177 3511 2207 3562 tt

481 3616 522 3680 de
540 3616 775 3679 resurrectione
794 3614 890 3678 valde
914 3615 1027 3679 similis
1051 3626 1082 3680 et
1096 3618 1281 3703 propinqua
1294 3627 1343 3680 est
1357 3618 1460 3680 errori
1476 3615 1729 3680 Sarracenorum
1752 3629 1785 3681 ct
1798 3617 1984 3697 Iudcorum,
2006 3636 2102 3701 quam
2115 3614 2155 3690 ⁷⁸)

481 3741 664 3818 expectant,
686 3730 725 3794 de
746 3754 811 3817 qua
830 3732 916 3795 infra
937 3731 1070 3813 dicetur,
1093 3755 1167 3797 cum
1189 3744 1303 3817 agetur
1325 3732 1367 3795 de
1389 3731 1588 3796 Sarracenis.
1632 3732 1677 3795 Et
1698 3732 1881 3814 sciendum,
1914 3730 2000 3816 quod
2025 3729 2157 3792 Tartari
2177 3738 2207 3788 15

483 3846 639 3934 quosdam
661 3847 806 3910 homines
828 3870 925 3933 super
947 3869 1058 3913 omnes
1081 3848 1121 3912 de
1142 3848 1260 3912 mundo
1283 3846 1462 3913 honorant:
1491 3851 1676 3930 boaitasll),
1705 3849 1827 3913 scilicet
1849 3847 2006 3935 quosdam
2029 3844 2155 3931 pontifi-

482 3983 535 4026 ces
555 3961 733 4048 ydolorum.
766 3961 810 4025 Et
832 3972 905 4026 sunt
926 3963 1050 4027 indiani
1072 3964 1228 4045 homines,
1251 3963 1347 4028 valde
1369 3964 1532 4049 sapientes
1553 3973 1585 4027 et
1606 3962 1688 4028 hene
1710 3963 1852 4028 ordinati
1874 3976 1906 4027 et
1927 3960 2022 4025 valde
2038 3981 2156 4044 graues
2176 3972 2208 4023 16

481 4077 516 4140 in
539 4075 693 4142 moribus.
737 4076 793 4167 Hii
823 4081 1033 4143 communiter
1062 4081 1169 4143 sciunt
1192 4091 1278 4143 artes
1301 4081 1462 4164 magicas,
1489 4089 1520 4141 et
1546 4080 1725 4143 innituntur
1748 4078 1881 4143 consilio
1903 4088 1934 4142 et
1957 4075 2081 4141 auxilio
2103 4074 2156 4137 de·
2175 4085 2206 4135 tr

480 4214 628 4273 monum,
659 4203 690 4256 et
712 4193 886 4257 ostendunt
904 4193 1004 4257 multa
1026 4196 1198 4279 prestigia,
1230 4207 1262 4259 et
1282 4194 1454 4281 predicunt
1476 4192 1613 4279 quedam
1634 4193 1749 4257 futura.
1792 4195 1875 4256 Nam
1897 4204 1929 4257 et
1949 4216 2032 4256 vnus
2052 4191 2156 4254 maior
2174 4201 2208 4251 ta

477 4309 635 4372 intereos
659 4308 826 4372 dicebatur
848 4309 969 4390 volare,
991 4309 1048 4373 sed
1071 4309 1247 4374 secundum
1268 4312 1439 4374 veritatem
1459 4322 1621 4394 repertum
1645 4321 1710 4391 est,
1734 4308 1819 4395 quod
1839 4332 1904 4372 non
1925 4308 2066 4388 volauit,
2096 4304 2154 4369 sed
2230 4376 2232 4381 ,

479 4422 667 4487 ambulabat
688 4425 781 4488 iuxta
800 4434 921 4509 terram
944 4436 975 4490 et
997 4447 1067 4488 eam
1089 4449 1153 4490 non
1173 4425 1344 4510 tangebat,
1374 4434 1406 4488 ct
1428 4424 1556 4512 quando
1580 4425 1753 4489 videbatur
1775 4424 1907 4507 sedere,
1938 4423 2027 4488 nulla
2047 4444 2082 4486 re
2106 4445 2153 4486 so·

478 4539 546 4604 lida
575 4539 824 4606 sustentabatur.
866 4541 976 4627 Aliqui
1006 4564 1115 4605 eorum
1137 4541 1248 4606 dicunt
1269 4563 1342 4605 esse
1365 4551 1524 4605 trecentos
1554 4543 1726 4625 sexaginta
1746 4545 1888 4628 quinque
1911 4539 1999 4605 deos.
2043 4539 2153 4625 Aliqui
2173 4551 2205 4600 19

479 4654 590 4719 dicunt
617 4677 687 4719 esse
713 4667 838 4720 eentum
866 4680 1018 4721 cumanos
1047 4657 1189 4721 deorum.
1231 4656 1294 4721 Est
1320 4669 1427 4721 autem
1452 4680 1606 4721 cumanus
1632 4657 1742 4721 decem
1763 4657 1860 4721 milia.
1903 4657 2025 4722 Omnes
2046 4667 2153 4719 tamen
2171 4634 2205 4751 {p

480 4771 692 4853 concordant,
725 4772 811 4858 quod
842 4771 920 4836 deus
950 4772 1142 4858 principalis
1164 4785 1214 4836 ert
1235 4796 1326 4838 vnus.
1370 4774 1439 4860 Ipsi
1462 4773 1573 4837 dieunt
1594 4797 1629 4837 se
1650 4796 1721 4838 esse
1743 4775 1861 4838 fratres
1885 4774 2153 4852 Christianorum,
2172 4784 2205 4834 22

479 4898 510 4951 et
537 4887 650 4952 dicunt
681 4886 720 4950 de
743 4888 856 4951 eodem
878 4889 942 4951 ritu
964 4899 996 4952 et
1017 4897 1105 4952 secta
1126 4888 1311 4969 nobiscum,
1341 4900 1373 4951 et
1395 4888 1559 4953 Christum
1583 4893 1739 4953 nesciunt.
1783 4890 1907 4952 Dicunt
1934 4891 2036 4970 enim,
2068 4888 2154 4975 quod
2172 4903 2204 4953 23

479 5002 638 5068 diluuium
660 5003 729 5067 Noe
751 5025 814 5067 non
835 5004 895 5067 fuit
916 5005 951 5067 in
973 5006 1143 5089 prouincia
1164 5027 1290 5085 eorum,
1318 5015 1350 5067 et
1372 5002 1459 5086 quod
1481 5003 1619 5067 mundus
1641 5006 1706 5067 iam
1728 5004 1861 5068 durauit
1883 5004 1956 5090 plus
1978 5027 2076 5091 quam
2097 5005 2152 5067 tri·

478 5120 570 5204 ginta
591 5118 677 5182 mille
701 5120 804 5180 annis.
840 5118 924 5182 Nam
946 5119 1066 5202 dieunt,
1089 5119 1175 5206 quod
1199 5142 1326 5205 semper
1348 5121 1478 5203 signant
1499 5120 1533 5182 in
1555 5118 1664 5203 lapide
1686 5143 1806 5185 nouum
1828 5120 1962 5206 ydolum
1978 5132 2054 5205 post
2067 5118 2153 5182 mille
2171 5137 2204 5187 24

479 5256 597 5309 annos,
625 5245 656 5296 ct
681 5244 754 5318 post
784 5231 895 5297 decem
917 5233 1012 5298 mille.
1056 5234 1123 5320 Ipsi
1146 5246 1221 5298 sunt
1241 5235 1328 5320 nigri
1350 5244 1383 5299 et
1403 5234 1526 5316 adusti,
1550 5234 1607 5298 sed
1629 5236 1720 5320 regio
1743 5259 1856 5301 eorum
1879 5236 2153 5320 temperatissima
2171 5255 2203 5302 25

479 5362 535 5413 est.
578 5349 647 5434 Ipsi
669 5350 772 5411 eciam
795 5347 927 5413 Tartari
949 5349 1062 5414 dicunt
1084 5372 1118 5415 se
1140 5372 1211 5414 esse
1231 5350 1387 5436 populum
1404 5351 1478 5432 Dei,
1501 5361 1533 5414 et
1552 5349 1595 5413 ad
1616 5351 1677 5415 hoc
1700 5350 1841 5435 allegant
1862 5350 1964 5415 multa
1987 5351 2152 5429 miracula,
2171 5362 2206 5412 26

479 5487 540 5550 que
564 5467 767 5548 contigerunt
787 5467 821 5529 in
843 5464 985 5529 aduentu
1006 5487 1127 5548 eorum,
1151 5477 1182 5530 et
1201 5468 1377 5547 victorias,
1400 5488 1482 5552 quas
1502 5464 1695 5530 hahuerunt.
1737 5467 1781 5531 Et
1802 5467 1929 5550 dicunt,
1953 5467 2040 5555 quod
2061 5467 2153 5530 Deus
2170 5475 2202 5524 27

542 5634 592 5704 76)
615 5632 796 5708 inspeciatam]
817 5631 886 5710 palo
908 5629 1087 5693 transfixum.
1401 5638 1450 5705 79)
1471 5633 1596 5709 domitas}
1618 5633 1700 5692 Infra
1721 5636 1820 5693 baaeitc
1837 5634 1980 5694 dicuntur.
2015 5635 2154 5693 Fortasse

544 5734 594 5803 77)
612 5731 737 5808 posicio]
759 5730 858 5790 thesis.
898 5731 963 5790 Lib.
986 5753 1039 5792 ms.
1060 5732 1149 5792 habet
1164 5733 1271 5807 posito.
1336 5731 1393 5789 hoc
1434 5733 1611 5791 vocabulum
1654 5734 1792 5794 cohaeret
1833 5754 1898 5792 cum
1931 5733 2041 5791 russico
2079 5733 2152 5808 Ray,

542 5835 594 5899 78)
616 5829 712 5906 qaam]
746 5831 999 5906 resurrectionem
1037 5840 1082 5890 ert
1118 5831 1293 5890 constructio
1335 5831 1427 5890 Dans.

478 5927 516 5985 ad
538 5948 664 5988 sensum.
