5334 6975
1299 700 1335 761 21

482 901 635 966 magnum
657 900 757 958 mare,
778 899 840 963 que
861 888 934 941 sunt
954 880 1022 943 eius
1045 879 1185 960 termini,
1208 888 1264 942 aut
1284 877 1435 965 pedibus,
1457 890 1492 942 ut
1513 877 1635 943 dictum
1658 891 1724 961 est,
1746 878 1990 964 perambulaui,
2007 877 2065 943 'uel
2088 900 2160 943 ocn-

478 996 530 1076 lis,
552 994 609 1059 ubi
631 1016 797 1059 accessum
819 992 939 1058 habere
960 1017 1026 1059 non
1048 996 1150 1082 potui,
1173 992 1346 1079 diligenter
1368 993 1582 1063 consideraui.

490 1182 492 1185 y
603 1110 788 1175 Aduertens
819 1119 942 1193 21122111,
970 1111 1130 1196 quomodo
1152 1131 1281 1196 possem
1304 1109 1397 1188 hec⁸)
1420 1109 1541 1175 utiliter
1563 1109 1768 1193 describere,
1797 1113 1844 1175 ita
1865 1120 1901 1175 ut
1922 1120 2055 1197 possent
2074 1132 2095 1173 a
2118 1107 2160 1173 12-
2180 1118 2211 1169 ta

480 1225 630 1312 gentibus
652 1227 884 1312 imaginatione
905 1225 995 1291 facili
1018 1225 1258 1313 comprehendi,
1281 1227 1423 1311 cogitaui
1445 1237 1589 1291 centrum
1612 1225 1745 1314 aliquod
1767 1228 1802 1291 in
1823 1249 1862 1291 ea
1884 1248 2005 1313 ponere
2026 1234 2059 1290 et
2073 1226 2161 1289 circa

477 1340 558 1408 illud
581 1351 681 1407 totam
705 1354 826 1408 terram
846 1342 943 1408 modo
967 1341 1077 1408 debito
1099 1342 1261 1408 ordinare.
1296 1342 1342 1407 Et
1363 1341 1405 1407 ad
1427 1342 1489 1407 boc
1510 1341 1594 1428 elegi
1616 1346 1765 1405 ciuitatem
1783 1347 1985 1421 astunensem,
2005 1350 2161 1427 tanquam
2178 1356 2212 1409 20

482 1458 555 1545 plus
578 1458 652 1523 aliis
673 1469 791 1524 notam.
824 1459 896 1540 Que
918 1470 1027 1523 tamen
1046 1481 1111 1523 non
1133 1470 1183 1525 est
1201 1462 1234 1524 in
1256 1458 1373 1542 medio,
1397 1458 1508 1524 sedin
1530 1458 1724 1523 occidentali
1746 1460 1816 1523 eius
1836 1458 1935 1535 111121)
1958 1480 2058 1544 supra
2072 1470 2210 1522 11121221

484 1576 557 1640 sita.
593 1574 637 1639 Et
651 1574 694 1639 ab
712 1577 786 1663 ipsa
799 1577 950 1662 protraxi
969 1590 1107 1663 quatuor
1121 1576 1235 1657 lineas,
1256 1587 1394 1664 quatuor
1408 1574 1521 1639 mundi
1538 1574 1687 1662 partibus
1703 1574 1936 1662 respondentes
1943 1581 1983 1656 ⁰),
2006 1584 2037 1638 22
2051 1595 2160 1661 quam·
2178 1585 2212 1637 22

483 1690 564 1756 libet
594 1703 742 1778 quartam
772 1689 869 1756 diuisi
895 1692 929 1755 in
959 1693 1022 1756 tria
1029 1741 1038 1774 ,
1067 1703 1102 1756 ut
1129 1691 1363 1779 responderent
1383 1689 1554 1755 duodecim
1586 1691 1762 1756 diuisiones
1783 1693 1845 1755 iste
1867 1688 2036 1756 duodecim
2057 1690 2162 1754 uentis

481 1806 565 1888 2211,
590 1808 676 1871 etin
699 1806 835 1891 singulis
858 1806 1072 1873 diuisionibus
1095 1809 1188 1895 posui
1209 1808 1359 1872 ciuitates
1379 1818 1411 1872 et
1431 1806 1504 1873 loca
1526 1809 1558 1871 in
1580 1808 1750 1893 scripturis
1758 1809 1783 1883 (¹)
1804 1807 1910 1892 magis
1932 1816 2020 1888 nota,
2042 1816 2077 1869 ut
2100 1807 2162 1870 sin·
2213 1893 2216 1900 Ι

482 1921 631 2008 gulorum
657 1921 801 1988 Iocorum
832 1925 912 1989 situs
942 1937 973 1987 22
1002 1922 1173 2009 dispositio
1204 1935 1313 2010 posset
1343 1922 1383 1988 de
1412 1922 1500 1987 facili
1529 1924 1687 2009 reperiri,
1718 1922 1878 2009 adquam
1902 1932 2028 2009 partem
2050 1920 2162 1985 mundi

481 2050 566 2103 esset
586 2038 754 2104 collocata.

869 2204 1034 2270 INCIPIT
1056 2204 1196 2270 PRIMA
1217 2202 1388 2270 DIUISIO
1412 2202 1561 2268 TERRE
1584 2204 1771 2271 SANCTE.

605 2354 632 2418 I.
676 2353 851 2419 Sciendum
872 2368 980 2419 autem
1003 2364 1051 2419 est
1072 2356 1106 2419 in
1128 2355 1300 2441 principio,
1323 2353 1412 2439 quod
1432 2364 1521 2418 terra
1543 2354 1616 2435 ista,
1639 2376 1736 2440 quam
1757 2365 1902 2418 sanctam
1923 2353 2077 2435 dicimus,
2099 2360 2192 2442 quel

483 2469 601 2534 cecidit
622 2471 655 2533 in
677 2481 795 2535 sortem
818 2469 989 2535 duodecim
1010 2470 1151 2535 tribuum
1172 2470 1284 2552 Israel,
1307 2492 1368 2557 pro
1391 2484 1484 2557 parte
1506 2469 1615 2556 aliqua
1637 2469 1808 2534 dicebatur
1828 2492 1964 2555 regnum
1984 2468 2077 2552 Iuda,
2099 2493 2162 2556 que

483 2593 585 2664 erate>
620 2586 757 2651 duarum
784 2585 927 2651 tribuum
933 2634 943 2668 ,
974 2586 1097 2651 scIlicet
1116 2586 1197 2651 Iude
1226 2597 1258 2651 et
1277 2586 1466 2669 Beniamin3
1500 2607 1560 2673 pro
1588 2596 1682 2671 parte
1710 2585 1814 2650 altera
1835 2584 2005 2651 dicebatur
2025 2608 2161 2671 regnum

484 2701 643 2783 Samarie,
666 2704 808 2767 ciuitatis
832 2701 963 2784 seilicet,
986 2724 1049 2789 que
1072 2725 1158 2768 nunc
1181 2702 1317 2768 Sebaste
1338 2702 1457 2767 dicitur
1479 2714 1511 2767 et
1531 2714 1601 2767 erat
1624 2714 1723 2789 caput
1737 2701 1849 2766 decem
1862 2700 2006 2766 tribuum
2022 2701 2160 2789 reliqua·

481 2841 570 2899 rum,
601 2841 662 2906 que
684 2817 787 2883 Israel
817 2818 1016 2884 dicebantur.
1056 2818 1237 2904 Utrumque
1264 2830 1372 2883 tamen
1404 2840 1541 2905 regnum
1567 2817 1656 2882 istud
1682 2840 1755 2883 cum
1783 2828 1852 2883 tota
1878 2827 1968 2881 terra
1987 2817 2162 2882 Philistiim

485 2932 655 2999 dicebatur
676 2934 852 3017 Palestina,
875 2958 938 3023 qua
958 2945 1029 2999 erat
1048 2957 1128 3021 pars
1149 2933 1260 3020 Syme,
1283 2935 1366 2998 sicut
1387 2933 1532 2999 Saxonis
1554 2935 1606 2999 uel
1626 2936 1771 2999 Francia
1791 2944 1902 3020 partes
1924 2945 1999 2999 sunt
2022 2934 2162 2999 Theuto·

480 3052 544 3133 nie,
566 3063 597 3114 et
616 3050 817 3116 Lambardia
839 3066 870 3116 et
893 3051 1012 3115 Tuscia
1033 3061 1142 3136 partes
1165 3050 1281 3115 Ytalie.

609 3166 662 3231 Ad
685 3167 745 3233 hoo
767 3177 872 3232 autem
894 3166 1020 3254 plenius
1042 3165 1287 3252 intelligendum
1309 3178 1396 3249 nota,
1418 3166 1506 3254 quod
1527 3166 1637 3254 plures
1660 3178 1734 3231 sunt
1756 3170 1898 3247 Syriai),
1917 3166 2056 3231 diuersis
2077 3166 2194 3234 scili-2

481 3292 533 3348 cet
561 3282 745 3347 nominibus
767 3293 959 3370 nuncupate.
1004 3283 1090 3348 Tota
1113 3284 1197 3346 enim
1219 3293 1325 3365 terra,
1354 3306 1416 3370 que
1438 3292 1489 3348 est
1512 3305 1533 3347 a
1554 3283 1648 3369 Tigri
1669 3282 1768 3349 fluuio
1790 3305 1894 3368 usque
1920 3282 1963 3347 ad
1984 3281 2161 3369 Egyptum,

483 3398 681 3483 generaliter
703 3402 798 3480 Syria
819 3403 1068 3485 nuncupaturf).
1109 3398 1192 3464 Pars
1220 3409 1328 3464 tamen
1353 3402 1421 3465 eius
1443 3401 1563 3487 prima,
1591 3421 1653 3485 que
1682 3409 1732 3464 est
1752 3400 1836 3464 inter
1856 3398 1973 3464 fluuios
1992 3397 2163 3463 Eufratem

481 3525 513 3581 22
535 3514 661 3602 Tigrim
683 3522 748 3593 eti)
770 3515 974 3602 protenditur
996 3539 1055 3603 per
1076 3515 1208 3602 longum
1231 3517 1272 3581 ab
1293 3516 1444 3604 aquilone
1464 3520 1498 3580 in
1519 3529 1682 3597 austrum,
1711 3515 1773 3582 hoc
1801 3525 1851 3581 est
1875 3539 1894 3580 a
1915 3527 2024 3580 monte
2051 3513 2161 3580 Tauro

482 3654 584 3719 usque
606 3631 649 3695 ad
671 3654 761 3696 mare
783 3631 927 3714 rubrum,
949 3632 1134 3720 appellatur
1155 3637 1408 3713 rttcsopotcmiah)
1429 3637 1527 3713 Syria,
1550 3634 1644 3720 quasi
1665 3637 1763 3695 madia
1785 3636 1865 3695 inter
1886 3656 1992 3713 aquas,
2013 3644 2046 3698 et
2061 3629 2160 3696 habet

481 3758 593 3834 gentes
613 3746 747 3830 multas,
778 3758 814 3812 ut
834 3746 985 3832 Parthos,
1006 3748 1131 3813 Medos.
1176 3749 1265 3828 01111)
1287 3748 1328 3814 ab
1351 3758 1462 3815 airstro
1484 3750 1690 3834 coniungitur
1715 3753 1865 3828 Ciaicica,
1886 3751 1921 3814 in
1943 3771 2007 3836 qua
2029 3758 2078 3812 est
2099 3753 2162 3809 Ba·

485 3868 611 3944 tytanis,
633 3874 664 3927 et
684 3862 731 3927 Illi
751 3862 872 3928 ibidem
893 3863 934 3928 ab
957 3874 1069 3930 austro
1093 3864 1221 3930 adiacet
1241 3870 1357 3928 Arabia
1379 3888 1480 3952 usque
1502 3865 1545 3930 ad
1567 3887 1658 3929 mare
1675 3865 1819 3947 rubrum,
1839 3864 1926 3952 quod
1948 3866 1982 3928 in
2002 3864 2084 3928 locis
2097 3862 2161 3927 illis

485 3981 572 4045 sinus
596 3979 748 4045 arabicus
772 3979 899 4045 dicitur.
942 3980 1055 4044 Prima
1075 3991 1185 4046 tamen
1207 4005 1285 4069 pars
1307 3981 1411 4046 tocius
1433 3980 1529 4045 huius
1549 3979 1786 4067 Mesopotamia
1793 4029 1802 4063 ,
1826 4003 1888 4067 que
1909 3979 2092 4067 aquilonem
2113 4000 2162 4043 rc·

485 4098 597 4183 spicit,
629 4098 663 4161 in
685 4118 751 4183 qua
772 4105 821 4161 est
843 4097 958 4161 ciuitas
978 4102 1107 4177 Edisse,
1140 4120 1201 4185 que
1223 4098 1400 4185 antiquitus
1421 4102 1537 4175 Bacca,
1563 4117 1649 4160 nunc
1670 4097 1790 4174 Rosci)
1810 4094 1945 4179 dicitur,
1977 4093 2163 4181 specialiter

484 4217 703 4294 Mesopotamia
724 4217 813 4294 Syris
834 4225 1048 4299 nuncupatur.
1080 4214 1136 4278 .Ε2
1159 4214 1220 4278 1122
1240 4222 1289 4277 222
1311 4213 1418 4299 prima
1442 4210 1548 4298 Syria.

608 4328 761 4394 Secunda
783 4340 832 4394 est
854 4333 946 4409 Syria
969 4333 1079 4407 cclck),
1107 4351 1169 4416 que
1191 4330 1306 4415 incipit
1328 4350 1349 4391 a
1371 4327 1470 4391 fluuio
1493 4325 1628 4391 Eufrate
1650 4336 1681 4391 et
1702 4327 1895 4391 terminatur
1916 4328 1951 4392 in
1972 4327 2044 4392 riuo
2066 4325 2164 4392 Uala·

479 4445 604 4527 111211),
627 4449 683 4532 qui
705 4445 777 4509 fluit
798 4443 857 4509 sub
881 4458 987 4511 castro
1009 4445 1178 4532 Margath,
1201 4455 1233 4509 22
1254 4443 1343 4510 cadit
1363 4445 1398 4508 in
1418 4465 1508 4507 mare
1528 4465 1683 4530 magnum
1705 4443 1738 4507 111
1759 4441 1838 4507 uilla
1859 4441 1998 4508 Uelanie
2009 4492 2019 4526 ,
2040 4443 2074 4506 in
2095 4465 2161 4529 qua

480 4570 530 4625 est
551 4560 645 4627 sedes
667 4560 873 4648 episcopalis,
895 4584 1071 4647 perunum
1094 4561 1221 4626 leucam
1242 4583 1263 4624 a
1286 4559 1433 4647 predicto
1457 4571 1564 4624 castro
1587 4558 1736 4624 distante.
1777 4559 1816 4624 ln
1837 4559 1899 4624 bac
1922 4559 2091 4646 Celesyria
2112 4568 2162 4623 est

482 4678 599 4742 ciuitas
622 4681 782 4741 Antiochia
803 4700 876 4742 cum
897 4676 1033 4743 urbibus
1057 4680 1123 4742 suis
1147 4679 1377 4764 suffraganeis,
1401 4674 1523 4742 scilicet
1542 4680 1698 4752 Laodicia,
1719 4680 1881 4756 1122121121)
1903 4687 1934 4741 et
1955 4674 2161 4740 21112111111212.

607 4793 727 4858 Tereia
748 4798 836 4871 essm)
859 4797 952 4874 Syria
974 4798 1128 4871 Pienicis,
1157 4816 1218 4881 que
1242 4795 1359 4881 incipit
1380 4817 1400 4859 a
1420 4791 1566 4881 predicto
1588 4792 1687 4857 fluuio
1711 4791 1852 4857 Uelanie
1878 4793 1920 4858 ab
1943 4791 2107 4877 aquilone,
2130 4801 2162 4855 et

482 4909 669 4976 extenditur
698 4932 813 4975 uersus
842 4923 988 4974 austrum
1010 4930 1111 4993 usque
1139 4909 1182 4974 ad
1201 4910 1333 4975 Petram
1355 4912 1492 4975 incisam
1514 4911 1584 4974 siue
1612 4907 1774 4973 desertam
1797 4908 1857 4973 sub
1879 4921 1986 4974 monte
2008 4906 2160 4987 Carmeli,

482 5031 534 5114 qui
555 5026 644 5091 locus
673 5025 770 5091 bodie
794 5028 934 5089 Castrum
954 5029 1186 5107 peregrinorum
1208 5026 1341 5109 dicitur,
1368 5037 1400 5091 et
1429 5035 1478 5090 est
1498 5024 1617 5091 milicie
1645 5023 1758 5110 templi
1773 5025 1823 5102 ¹¹).
1870 5025 1907 5089 In
1934 5027 1999 5089 ista
2022 5034 2096 5088 sunt
2118 5027 2160 5087 21-

548 5210 576 5273 a)
597 5207 642 5261 iic
661 5206 701 5263 St.
722 5240 752 5250 -
772 5207 801 5280 b)
812 5210 897 5276 finam
914 5206 953 5263 St.
972 5238 1005 5247 -
1023 5212 1050 5276 c)
1067 5210 1232 5278 respondent
1250 5208 1290 5263 St.
1308 5210 1503 5278 remandarent
1518 5207 1546 5265 11.
1567 5239 1597 5248 -
1624 5209 1654 5277 11)
1673 5208 1787 5280 scripts‘s
1808 5206 1848 5264 st.
1865 5208 2015 5277 scripturis
2032 5206 2059 5264 b.
2077 5238 2110 5247 -
2134 5209 2162 5277 e)

614 5292 764 5360 22211182,
787 5292 835 5346 sed
852 5291 949 5347 literae
967 5290 994 5346 n'
1005 5298 1140 5362 punctum
1159 5291 1345 5361 subscriptum
1363 5299 1412 5346 est.
1430 5321 1463 5330 -
1484 5291 1511 5360 1)
1528 5300 1722 5364 nuncupantur
1739 5291 1779 5348 St.
1799 5322 1831 5331 -
1855 5294 1887 5364 g)
1906 5299 1932 5346 ct
1948 5309 2001 5346 om.
2020 5289 2060 5346 St.
2080 5308 2161 5345 noae

616 5375 777 5430 coniectura
794 5376 966 5430 inseruimus.
992 5405 1021 5415 -
1048 5374 1077 5443 h)
1096 5377 1286 5446 mesopotania
1304 5373 1346 5429 St.
1374 5405 1404 5415 -
1434 5376 1453 5438 i)
1473 5376 1571 5443 qicitus
1588 5374 1664 5444 Sth,
1686 5375 1760 5445 quod
1778 5392 1793 5430 2
1813 5375 1976 5430 conIectara
1994 5374 2022 5429 in
2041 5376 2088 5429 cai
2103 5392 2161 5428 mu·

612 5458 740 5514 tavimus.
759 5491 793 5500 -
810 5460 840 5531 k)
859 5460 945 5529 Syria
963 5458 1031 5513 22122
1048 5457 1087 5513 St.
1109 5489 1141 5499 -
1161 5459 1179 5524 l)
1198 5459 1321 5513 laodicia
1343 5459 1474 5528 appanis
1493 5459 1532 5514 St.
1551 5490 1581 5499 -
1602 5463 1640 5525 111)
1659 5466 1698 5512 cst
1714 5475 1768 5513 om.
1787 5458 1827 5516 St.

543 5617 573 5687 8)
590 5616 697 5691 pluras
718 5623 788 5672 sunt
809 5613 906 5690 Syrie]
928 5614 975 5673 De
996 5613 1057 5685 his,
1079 5632 1155 5693 quae
1175 5632 1300 5694 sequun-
1341 5611 1406 5670 biae
1427 5610 1481 5672 IV.
1504 5618 1558 5684 21,
1585 5612 1637 5672 sed
1660 5621 1706 5672 est
1727 5611 1796 5672 urbs
1817 5612 1949 5687 Mediae,
1979 5634 2055 5694 quae
2083 5633 2161 5673 nunc

482 5721 540 5788 tur,
562 5712 599 5775 cf.
621 5734 650 5772 v.
670 5712 800 5772 1121111121
820 5712 973 5771 Ρ11111221112
993 5733 1023 5791 p.
1046 5715 1105 5774 362
1128 5722 1187 5771 not.
1212 5717 1298 5772 1152.
1341 5709 1452 5769 Balaka
1473 5711 1585 5772 dicitur.

543 5817 575 5888 9)
597 5812 814 5888 Edisse-Rasa]
842 5811 959 5870 Edessa
987 5830 1009 5871 s.
1037 5809 1147 5870 Edisse
1179 5819 1224 5870 est
1255 5831 1299 5870 re·
1406 5814 1454 5885 10)
1477 5812 1508 5871 in
1530 5812 1598 5869 rino
1624 5810 1762 5886 Ualanic]
1786 5809 1832 5871 cf.
1854 5810 1931 5870 infra
1951 5811 1991 5872 II.
2015 5816 2064 5872 30.

483 5930 551 5971 cens
566 5910 649 5972 Orsa.
689 5907 787 5984 Quam
807 5910 896 5970 medii
917 5911 982 5969 aevi
1005 5910 1160 5989 scriptores
1182 5911 1299 5968 Boiam
1407 5910 1581 5984 11)211“11’21“2
1603 5910 1710 5985 templi]
1733 5910 1782 5970 Ab
1804 5930 1882 5969 anno
1903 5908 2077 5973 1111121218.
2114 5910 2160 5974 cf.

486 6008 590 6071 dicunt.
628 6012 729 6086 Rapsa
749 6008 868 6088 quidem
891 6018 1067 6069 memoratur
1087 6011 1117 6069 in
1140 6008 1214 6069 libro
1238 6008 1299 6069 To·
1340 6010 1445 6070 Ritteri
1466 6029 1564 6087 geogr.
1587 6008 1673 6070 XVI.
1696 6016 1764 6072 615.
