5334 6975
1347 661 1405 723 172

504 868 518 916 'l
661 837 706 902 Et
729 836 826 902 habet
846 839 965 915 intrar)
987 862 1097 904 muros
1119 849 1186 904 tres
1208 849 1332 903 montes
1362 861 1497 925 magnos
1519 851 1551 904 et
1573 841 1789 926 asperrimos,
1818 862 1956 927 quorum
1984 836 2110 903 medius
2132 837 2217 902 adeo

503 977 520 1028 ε
536 953 621 1019 altus
643 965 700 1035 est,
722 964 756 1018 ut
778 976 836 1016 suo
858 956 1023 1018 cacumine
1040 954 1181 1020 nubibus
1196 956 1335 1019 innitens
1351 977 1480 1020 cursum
1495 956 1700 1042 planetarum
1715 965 1845 1040 putetur
1858 955 2028 1041 impedire.
2062 954 2169 1034 Quem
2176 961 2213 1034 b),

536 1079 572 1134 ut
587 1079 675 1156 puto,
700 1071 774 1154 ipsa
795 1081 909 1132 natura
932 1071 999 1133 suis
1021 1070 1134 1134 usibus
1157 1083 1402 1157 preparauerat‚
1423 1083 1473 1154 ut,
1495 1071 1572 1136 dum
1595 1069 1733 1135 sabbato
1755 1093 1834 1155 ager
1855 1093 1876 1135 a
1896 1069 2064 1135 laboribus
2086 1069 2211 1156 requie

537 1194 658 1267 sceret,
686 1184 752 1248 illie
783 1207 841 1268 per
863 1187 1072 1250 amenissima
1093 1186 1180 1268 loca,
1213 1210 1276 1273 que
1298 1188 1583 1268 circumiacent0),
1610 1186 1828 1262 reficereturr)
1861 1197 1892 1250 et
1919 1186 1962 1250 ab
1990 1185 2055 1251 alto
2086 1185 2215 1271 prospi-

503 1303 625 1371 eeiens
648 1299 808 1363 defectum
833 1301 881 1363 sui
904 1304 1099 1378 naturatir)
1122 1303 1343 1368 consideraret
1365 1325 1403 1368 ac
1426 1314 1603 1389 repararet.
1649 1305 1720 1380 Qua
1742 1324 1798 1365 sue
1811 1302 1984 1366 Antiochia
2000 1304 2108 1388 ipsum
2123 1322 2212 1365 mon·

537 1427 602 1481 tem
619 1416 800 1481 uberrimos
814 1419 919 1481 fontes
939 1416 1105 1480 mandauit
1122 1418 1366 1502 profunderent
1385 1420 1557 1505 parturire,
1579 1420 1763 1484 intantum.
1783 1427 1819 1480 ut
1833 1439 1892 1502 per
1907 1418 2015 1481 omnia
2033 1418 2213 1502 pomeria0)

534 1544 565 1597 et
588 1546 686 1614 ortos,
709 1534 763 1619 qui
787 1532 854 1596 illic
874 1534 943 1596 sine
963 1556 1095 1596 numero
1117 1533 1285 1610 habentur,
1309 1557 1392 1618 aqua
1415 1534 1518 1598 dulcis
1539 1549 1568 1597 et
1585 1533 1671 1598 bona
1685 1531 1869 1616 largissime
1885 1531 2093 1612 diffundatur,
2115 1554 2214 1616 (luam

534 1650 638 1712 eciam
665 1650 730 1734 ipsi
760 1651 846 1712 ciues
875 1672 933 1735 per
964 1648 1192 1712 subterraneus
1226 1658 1258 1712 et
1276 1649 1473 1713 minusctdas
1496 1671 1595 1712 uenas
1617 1650 1650 1711 in
1673 1647 1815 1711 modium
1836 1669 1967 1712 suorum
1989 1647 2214 1734 hospiciorum

486 1776 516 1825 10
533 1774 565 1828 et
592 1763 635 1828 ad
665 1765 740 1849 ipsa
770 1764 951 1849 penetralia
973 1763 1186 1830 deduxerunt.
1228 1762 1272 1826 Et
1290 1773 1383 1846 nota,
1413 1763 1499 1851 quod
1529 1763 1644 1828 domus
1666 1777 1698 1827 et
1717 1762 1847 1848 palacia
1868 1762 2042 1827 Antiochia
2063 1763 2145 1827 foris
2165 1761 2213 1826 lu·

485 1891 512 1940 lt
533 1889 621 1943 team
646 1889 825 1944 monstrant
847 1880 1096 1965 appareneiam‚
1127 1888 1159 1943 et
1181 1880 1300 1955 intras)
1328 1902 1428 1944 aurea
1455 1892 1487 1944 et
1517 1878 1701 1944 delectabili
1729 1879 1841 1963 uigent
1868 1879 2057 1942 existencis.
2100 1876 2166 1957 Qui
2177 1889 2213 1960 ⁸),

535 2007 569 2058 ut
590 1997 746 2078 tetigi⁹⁹)‚
769 1996 803 2057 in
825 1997 904 2059 ortis
927 1997 1038 2060 uarios
1059 1996 1182 2060 fructus
1206 1994 1415 2061 afferentibus
1435 2008 1467 2060 et
1488 1998 1522 2060 in
1544 1996 1637 2080 aquis
1659 1992 1850 2058 salientibus
1872 1995 2015 2058 maxime
2029 1993 2213 2077 gloriantur

485 2125 515 2176 12
534 2121 566 2174 et
588 2109 690 2174 solent
711 2109 873 2175 lasciuire.
915 2111 992 2196 Ipsa
1013 2111 1116 2174 eciam
1139 2111 1254 2174 ciuitas
1275 2110 1393 2176 diuites
1426 2123 1457 2176 et
1479 2111 1635 2197 plurimos
1656 2109 1756 2174 habet
1775 2108 2027 2174 inhabitatores:
2062 2109 2211 2173 Francos

534 2236 566 2289 et
588 2226 759 2306 Surianos,
792 2227 916 2290 Grecos
939 2236 970 2289 et
991 2225 1125 2306 Iudcos,
1152 2226 1333 2292 Hermenos
1358 2238 1389 2291 et
1411 2227 1626 2305 Sarraccn0s3
1658 2225 1774 2311 quibus
1797 2225 1944 2290 omnibus
1964 2226 2085 2289 Franci
2107 2224 2210 2289 domi·

533 2354 661 2423 nantur,
686 2355 717 2405 et
739 2341 874 2427 quilibet
897 2364 1007 2406 eorum
1031 2364 1107 2404 suas
1129 2340 1216 2426 leges
1239 2342 1424 2407 obseruant.

485 2499 515 2548 1³
656 2492 694 2554 ln
717 2490 823 2554 medio
851 2492 953 2575 ipsius
976 2500 1025 2554 est
1056 2490 1193 2554 ecclesia
1213 2513 1336 2553 summe
1358 2501 1488 2571 ornata,
1518 2492 1551 2553 in
1581 2513 1646 2573 qua
1668 2488 1743 2554 olim
1767 2489 1880 2553 beatus
1901 2489 2018 2553 Petrus
2045 2490 2131 2553 sicut
2152 2510 2209 2574 pa-

483 2619 515 2670 14
532 2605 676 2669 triarcha
699 2606 896 2691 presidebat.
940 2606 1004 2670 Ubi
1028 2620 1059 2670 ct
1081 2605 1177 2669 hodie
1199 2606 1388 2690 patriarcha
1411 2605 1492 2670 solet
1515 2605 1680 2692 presidere
1703 2619 1731 2670 et
1757 2627 1814 2669 sue
1836 2604 1932 2685 Asis,
1961 2625 2024 2689 que
2047 2603 2109 2668 sibi
2134 2602 2208 2669 sub·

486 2733 514 2781 15
532 2721 650 2802 ficitur,
673 2724 845 2806 imperare.
881 2722 976 2786 Unde
999 2724 1031 2785 in
1055 2723 1243 2786 consistorio
1257 2723 1312 2798 ¹⁰⁰)
1332 2723 1435 2807 ipsius
1457 2722 1511 2786 isti
1533 2744 1647 2785 uersus
1670 2723 1776 2784 asneis
1798 2718 1901 2784 literis
1923 2732 1996 2783 sunt
2019 2719 2186 2806 inscripti:

739 2871 800 2933 Sit
822 2870 962 2957 procul
984 2870 1078 2934 hinc
1098 2869 1301 2948 lezihi¹⁰¹)‚
1322 2871 1494 2935 thronus
1515 2870 1578 2934 hic
1601 2872 1656 2934 sit
1678 2871 1782 2932 iuris
1806 2879 1844 2932 et
1863 2869 1998 2954 aequi3

967 2984 1120 3048 Tereia
1141 3007 1238 3070 pars
1260 2985 1398 3049 mundi
1421 2986 1509 3048 iure
1532 2996 1694 3049 tenetur
1716 2987 1760 3048 oi.

484 3151 514 3201 ¹ss
659 3153 696 3216 ln
719 3153 780 3216 hac
802 3151 939 3215 ecclesia
961 3161 1158 3215 monstratur
1180 3151 1338 3215 cathedra
1360 3152 1446 3215 beati
1461 3150 1550 3215 Petri
1572 3162 1604 3215 et
1625 3173 1746 3230 carcer,
1767 3154 1800 3213 in
1821 3171 1883 3236 quo
1905 3152 2007 3214 eciam
2022 3149 2207 3215 uinculatus

484 3277 512 3327 17
531 3268 710 3333 tenebatur.
751 3267 822 3331 Illic
850 3268 952 3330 eciam
986 3267 1157 3351 requiescit
1192 3267 1225 3329 in
1253 3289 1435 3332 marmoreo
1463 3267 1666 3353 sarcophago
1688 3288 1764 3330 caro
1785 3267 1837 3351 pie
1858 3269 2013 3330 memorie
2035 3264 2205 3331 Frederiei

529 3384 741 3470 Imperatoris
756 3383 821 3461 ¹⁴¹²).

481 3553 512 3605 18
657 3550 737 3613 ltem
759 3572 823 3612 non
843 3548 938 3631 longe
961 3546 1003 3609 ab
1025 3546 1081 3609 illa
1104 3559 1152 3610 est
1173 3548 1310 3634 quedam
1332 3547 1470 3612 ecclesia
1494 3559 1562 3613 tota
1583 3548 1733 3627 rotunda,
1757 3569 1856 3633 supra
1877 3545 2008 3610 modum
2026 3562 2152 3629 ornata,
2174 3552 2207 3614 in

530 3687 595 3749 qua
622 3664 758 3728 babetur
785 3667 893 3749 imago
923 3661 1051 3726 domine
1078 3672 1208 3743 nostre,
1241 3666 1408 3749 genitricis
1429 3664 1510 3746 Dei,
1544 3686 1671 3747 semper
1702 3663 1838 3748 uirginis
1860 3661 1972 3726 llarie.
2017 3661 2089 3742 Qus
2118 3676 2207 3729 tante

482 3804 511 3854 19
530 3781 711 3843 sanctitatis
734 3790 798 3860 est,
833 3792 868 3841 ut
897 3777 1040 3863 pluuium
1071 3788 1192 3862 prestet
1213 3777 1289 3842 dum
1312 3791 1467 3843 mouetur.
1512 3780 1617 3858 Quam
1641 3778 1758 3859 Greci,
1790 3779 1873 3841 sieut
1896 3780 2001 3864 ipsum
2024 3779 2208 3863 ecclesiam,

529 3896 562 3959 in
587 3918 705 3980 magno
728 3908 759 3958 et
780 3892 943 3958 laudando
966 3895 1080 3957 timore
1102 3893 1288 3958 obseruant.

478 4045 511 4095 ²⁰
652 4044 732 4107 ltem
757 4045 790 4106 in
813 4066 876 4106 rmo
899 4043 1064 4117 montium,
1086 4045 1196 4117 sicum
1217 4066 1318 4130 supra
1340 4043 1425 4123 dixi,
1449 4054 1497 4107 est
1520 4042 1691 4106 cenobium
1713 4041 1942 4105 monachorum
1966 4043 2067 4124 (lieres,
2089 4044 2123 4106 in
2146 4042 2203 4109 lro·

527 4159 641 4237 norel)x
664 4161 768 4224 suncti
788 4158 881 4222 Pauli
904 4157 1087 4238 fundatum,
1116 4160 1148 4221 in
1177 4183 1239 4245 quo
1268 4170 1465 4222 monstratur
1494 4181 1596 4244 parua
1627 4169 1743 4244 crypta
1766 4158 1871 4220 aureis
1894 4159 2027 4242 picturis
2049 4181 2114 4221 non
2137 4159 2207 4246 plu-

528 4276 653 4357 rimum,
676 4275 733 4339 sed
758 4278 817 4350 utl)
841 4273 999 4341 decet¹⁰³t
1027 4284 1158 4354 ornata,
1187 4274 1237 4337 uel
1261 4297 1416 4354 cauerna,
1438 4278 1471 4336 in
1494 4296 1557 4357 qua
1579 4286 1709 4337 sanctus
1732 4272 1852 4337 Paulus
1874 4274 1960 4336 faeta
1982 4272 2207 4358 predicatione

595 4504 621 4553 a)
640 4489 720 4557 infra
737 4489 759 4539 B
773 4488 823 4542 Ed.
842 4488 909 4542 Vee.
940 4489 1014 4541 uitro
1031 4506 1046 4542 e
1064 4488 1223 4541 coniectura
1241 4488 1409 4556 scripsimus.
1425 4519 1454 4526 -
1474 4487 1503 4558 b)
1521 4507 1600 4555 ψιωιι
1617 4487 1701 4541 BEd.
1732 4494 1814 4550 (errem
1834 4487 2020 4541 ecouieetnra
2034 4488 2206 4557 scripsimus.

712 4588 738 4637 cj=
757 4571 952 4623 rimus-lutere
970 4571 1000 4624 Β.
1024 4573 1216 4624 ‹u'rswm'ucsnt
1232 4571 1281 4624 Ed.
1301 4602 1333 4609 —
1351 4572 1380 4641 d)
1397 4574 1517 4639 reficeret
1535 4571 1567 4626 B.
1585 4574 1740 4640 rejiceretur
1757 4570 1808 4623 Ed.
1827 4601 1858 4608 —
1877 4574 1903 4642 e)
1919 4571 2046 4640 perraria
2064 4570 2095 4623 Β.
2109 4590 2209 4641 porso-

660 4655 706 4705 rr'u
725 4653 774 4709 Ed.
812 4652 864 4705 Sed
887 4656 1010 4721 pomeria
1035 4663 1100 4708 sunt
1117 4655 1247 4725 pomaria.
1270 4684 1303 4692 -
1328 4653 1355 4721 s)
1374 4656 1455 4724 infra
1472 4654 1503 4708 B.
1527 4686 1558 4693 -
1585 4658 1614 4724 gl
1631 4672 1682 4725 que
1699 4654 1785 4708 BEd.
1822 4654 1877 4716 Qui
1898 4652 1993 4722 (cives)
2013 4670 2028 4707 e
2045 4657 2208 4712 coniectura

660 4736 730 4790 dedi.
749 4766 782 4774 -
805 4735 834 4802 lr'J
856 4737 914 4789 leri
929 4737 960 4791 B.
996 4739 1053 4792 Ierr'
1070 4739 1119 4791 Ed.
1146 4770 1170 4777 --
1191 4738 1211 4801 i)
1229 4738 1299 4791 sicat
1316 4756 1403 4808 supra
1420 4740 1446 4793 d.
1466 4737 1498 4793 B.
1516 4741 1550 4791 ‹ir-
1567 4757 1620 4807 quo
1637 4758 1659 4792 s.
1678 4741 1704 4793 d.
1724 4739 1774 4793 Ed.
1794 4754 1834 4806 pr.
1854 4768 1887 4777 —
1909 4737 1940 4804 k)
1958 4739 2134 4793 inhonorem
2151 4741 2207 4795 Ed.

662 4852 692 4860 -
712 4821 731 4883 l)
746 4819 897 4887 plurimum
916 4822 986 4874 sicut
1002 4824 1076 4874 decrt
1093 4821 1116 4873 B
1129 4822 1179 4875 Ed.

589 5031 640 5101 98)
662 5027 728 5102 insa
752 5036 862 5082 riunire
885 5057 924 5065 —
946 5024 1090 5098 ncrtsruti]
1114 5023 1159 5085 cf.
1184 5036 1241 5084 not.
1264 5032 1311 5086 50.
1385 5025 1440 5084 bus
1461 5027 1586 5104 propriis
1608 5024 1818 5085 descendentia
1837 5026 1868 5082 in
1888 5024 1997 5102 linguis
2017 5027 2209 5090 orientalibus

586 5132 638 5198 00)
661 5134 693 5181 ut
715 5123 803 5200 tetigt]
828 5131 896 5181 sect.
921 5128 947 5179 0.
1385 5126 1502 5203 saepius
1524 5126 1554 5182 in
1574 5144 1625 5198 ¹.—
1649 5126 1810 5195 terminari,
1843 5133 1875 5181 ut
1895 5142 1953 5203 Ἥ
1976 5124 2136 5197 hebraeus,
2157 5127 2209 5187 do·

590 5228 656 5297 100)
681 5222 861 5295 consistorio]
882 5219 1001 5298 palatio.
1386 5229 1431 5281 cet
1451 5223 1556 5281 Eu'sld
1577 5224 1606 5281 in
1629 5222 1759 5282 Graium.
1782 5221 1862 5282 lrebr.
1885 5244 1908 5282 e.
1931 5222 2000 5301 109·
2029 5229 2094 5284 161.

592 5327 644 5381 101
651 5350 661 5394 p
683 5321 744 5377 Issi
765 5320 905 5397 singulari
927 5338 1047 5376 numero
1075 5319 1228 5379 collective
1250 5318 1344 5378 dictus
1454 5326 1522 5395 102)
1546 5323 1700 5379 Frerlerr'ri
1721 5322 1923 5397 Imperatoris]
1954 5322 2096 5383 l'rideriei
2122 5326 2138 5383 1
2165 5326 2209 5383 in·

525 5430 571 5481 est
592 5419 721 5489 Iasides,
751 5419 892 5492 lessius,
916 5417 1084 5476 Ieridnnus.
1127 5416 1259 5477 leeidani
1281 5417 1343 5476 dia·
1384 5421 1492 5479 teatina
1523 5429 1635 5478 tautum
1673 5429 1702 5479 et
1737 5419 1888 5479 cerebrum
1927 5432 1956 5481 et
1994 5441 2111 5481 carnem
2146 5425 2210 5481 An·

524 5519 624 5579 bolum
654 5516 776 5574 adorare
805 5517 944 5575 feruntur.
989 5520 1071 5586 Quos
1098 5517 1127 5572 in
1149 5516 1235 5594 Syria
1257 5515 1343 5576 sedes
1384 5518 1528 5589 tiochiue,
1554 5539 1622 5577 ossa
1643 5518 1718 5597 Tyri
1750 5517 1866 5598 sepulta
1892 5540 1956 5579 esse
1983 5520 2104 5580 tradunt
2129 5520 2209 5581 Rau-

524 5618 661 5676 habuisse
684 5626 713 5671 et
735 5635 799 5672 enm
817 5614 950 5672 Euclritis
972 5613 1191 5693 Bogomilisque
1213 5614 1250 5673 de
1272 5636 1343 5674 non·
1386 5637 1481 5676 merus
1504 5617 1731 5676 llohcnstanlen
1753 5618 1793 5676 ll.
1819 5622 1894 5692 137,
1917 5618 2039 5678 Willren
2060 5618 2114 5678 IV.
2141 5624 2208 5680 143.

524 5717 612 5775 nullis
639 5714 744 5772 eadem
773 5715 898 5772 sensisse
925 5721 955 5771 et
975 5710 1111 5770 docuisse
1132 5714 1221 5772 refert
1240 5717 1343 5772 lt'ertn-
1453 5720 1521 5785 103)
1543 5719 1596 5773 sed
1618 5725 1648 5773 ut
1669 5716 1757 5791 decet]
1791 5715 1841 5776 Sic
1873 5716 2059 5777 scribendum
2087 5717 2208 5778 videba-
2273 5731 2276 5735 '

523 5818 577 5874 der
605 5816 634 5872 in
663 5812 810 5887 religionis
840 5812 1013 5869 christianae
1044 5810 1164 5870 historia
1185 5814 1343 5871 universali
1384 5824 1447 5885 tur,
1474 5834 1561 5892 quum
1585 5816 1713 5873 sectione
1740 5819 1775 5875 18
1804 5817 1957 5875 ecelesiam
1979 5816 2210 5895 supramodum

523 5912 591 5973 edit.
617 5912 662 5970 lll
685 5921 704 5970 t.
728 5911 767 5971 ll.
794 5916 862 5969 031.
886 5920 944 5969 not.
989 5909 1145 5968 Adiectiva
1172 5932 1190 5968 a
1221 5913 1343 5970 nomini·
1385 5922 1517 5969 ornatam
1540 5917 1792 5987 commemorarit3
1814 5916 1856 5972 sie·
1879 5916 1908 5973 in
1931 5918 1984 5974 sed
2005 5916 2193 5975 mutavimus.
