5334 6975
1343 677 1401 743 186

527 858 650 924 dictum
662 868 783 924 tectum
797 870 847 923 est
860 857 1025 939 abrssum,
1037 866 1073 921 ut
1086 857 1171 921 inter
1185 857 1293 944 ipsum
1307 866 1551 922 mouumentum
1564 866 1597 920 et
1608 879 1703 921 suum
1718 855 1894 943 aliquando
1910 869 2093 923 contentum
2102 864 2128 935 ⁸)
2138 856 2209 923 nnl-

357 1038 363 1052 ,
480 985 509 1036 tt
526 974 596 1041 lum
605 974 757 1041 'medium
772 996 844 1039 esse
856 972 1017 1056 uideatur,
1039 982 1071 1039 et
1084 972 1194 1038 celesti
1208 973 1323 1058 gracia
1334 970 1547 1037 custodiatur.
1583 969 1680 1052 Quod
1696 972 1800 1037 eciam
1814 975 1981 1039 annuatim
1995 997 2037 1040 ex
2051 998 2090 1041 eo
2104 976 2210 1040 consi·

528 1091 645 1157 derare
658 1113 840 1179 possumus,
852 1091 930 1176 quia
940 1100 1034 1162 noete
1044 1089 1166 1178 pasche
1179 1112 1267 1151 sacer
1280 1092 1359 1169 ionis
1368 1110 1428 1177 per
1441 1087 1593 1153 celestem
1603 1089 1758 1154 nuncium
1768 1088 1836 1155 illic
1847 1094 2018 1180 apportari
2030 1096 2210 1161 consueuit

372 1276 380 1296 ‚
480 1221 511 1272 ts
651 1206 696 1282 Et
717 1205 894 1290 sciendum,
915 1209 994 1293 quia
1013 1230 1096 1269 mons
1117 1208 1263 1284 colmie,
1283 1206 1341 1292 qui
1361 1205 1510 1271 modicus
1522 1216 1582 1286 est,
1599 1218 1636 1269 ut
1651 1204 1783 1292 qnidam
1799 1205 1976 1291 colliculus,
1997 1211 2085 1276 intra
2101 1213 2210 1296 parie-

528 1335 577 1389 tes
598 1323 741 1393 ecclesie,
756 1324 956 1406 continetur,
979 1324 1057 1410 quia
1076 1323 1183 1408 ipsum
1206 1330 1449 1387 monumentum
1470 1321 1606 1385 Domini
1629 1332 1700 1386 erat
1719 1323 1755 1386 in
1775 1333 1847 1389 orto
1867 1335 2015 1414 tempore
2036 1329 2210 1415 passionis,

529 1449 620 1506 ortus
649 1448 756 1505 autem
787 1438 919 1504 iacebat
944 1440 979 1503 in
1008 1437 1092 1525 pede
1120 1437 1216 1502 huius
1239 1434 1380 1501 colliculi
1402 1438 1473 1501 siue
1493 1438 1609 1501 montis
1630 1437 1789 1520 colunne,
1817 1440 1904 1506 unde
1929 1443 2081 1508 nimimm
2104 1444 2210 1510 dictus

480 1567 620 1622 temous
649 1566 683 1621 et
708 1564 950 1621 mouumentum
976 1552 1111 1619 multum
1139 1552 1240 1617 uicini
1267 1560 1351 1617 sunt
1398 1551 1452 1616 De
1483 1550 1601 1638 quibus
1627 1535 1786 1618 'omnibus
1810 1556 2043 1639 lohannes²¹⁰)
2072 1564 2121 1626 ait
2145 1562 2210 1626 sic:

529 1678 610 1736 Erat
632 1684 730 1734 ouum
750 1676 782 1734 in
803 1678 875 1748 loco,
897 1674 948 1733 uli
969 1670 1129 1751 crucsssxus
1152 1680 1197 1730 eet
1216 1672 1310 1744 leue,
1331 1681 1425 1744 ortas,
1442 1679 1470 1730 et
1491 1671 1523 1729 in
1544 1679 1610 1729 orto
1631 1683 1846 1734 moneamus
1866 1696 1988 1753 nouum,
2009 1682 2041 1738 δα
2061 1700 2119 1759 quo
2138 1700 2212 1741 nos·

478 1803 512 1855 20
530 1796 599 1852 dom
618 1792 771 1870 quisquam
787 1791 906 1867 positus
918 1795 1040 1865 ficerat.
1082 1788 1131 1846 Ibi
1151 1805 1220 1863 erpo
1239 1793 1370 1863 propter
1392 1806 1585 1863 parasceuen
1605 1789 1781 1863 Isdem-um,
1809 1792 1881 1869 quia
1910 1794 1995 1853 iuxta
2021 1806 2090 1855 crat
2110 1817 2211 1857 moso·

479 1882 511 2001 {l
530 1916 667 1979 mentum,
683 1917 850 1983 posonem
871 1924 941 1967 eum.
983 1900 1038 1965 Ex
1058 1900 1131 1963 istis
1152 1900 1325 1964 ueritatem
1348 1899 1568 1985 predictorum
1592 1900 1795 1986 perpendere
1816 1908 1961 1990 potestis.
2003 1881 2101 1974 Hunc
2122 1932 2211 1975 mon·

530 2029 596 2085 tem
616 2020 720 2084 eciam
741 2041 802 2084 nos
822 2017 950 2103 indigni
970 2015 1184 2081 ascendentes
1206 2015 1349 2081 uidimus
1370 2015 1517 2080 foramen
1529 2014 1588 2091 ²²⁰)
1607 2016 1641 2078 in
1663 2028 1757 2101 petra
1776 2019 1934 2104 excisum,
1953 2025 2006 2087 cui
2027 2026 2102 2112 ipsa
2116 2046 2210 2109 crux,

1097 2135 1205 2209 „arbor
1223 2134 1333 2195 deeora
1354 2143 1385 2195 et
1405 2132 1530 2211 fulgida,

1094 2243 1198 2295 ornate
1218 2234 1296 2311 usis
1317 2226 1498 2313 curruum)
1511 2230 1579 2308 ²²¹),

532 2348 609 2414 dum
630 2351 730 2414 ferret
749 2348 851 2431 „secli
873 2348 1049 2436 precium“,
1070 2348 1130 2412 fuit
1150 2346 1263 2411 infixa.
1633 2418 1637 2426 ,

482 2478 514 2530 23
655 2466 754 2529 quta
775 2486 870 2549 quem
892 2463 998 2529 locum
1020 2462 1319 2550 apparetsanguis
1341 2461 1491 2542 Domini,
1521 2461 1577 2548 qui
1605 2462 1646 2528 de
1675 2462 1777 2531 latere
1804 2468 1908 2554 ipsine
1929 2470 1963 2534 in
1983 2451 2111 2557 petrum
2132 2474 2212 2540 uici·

531 2603 607 2646 nam
636 2580 790 2663 defluxit,
822 2580 900 2665 quia
926 2587 1010 2644 teste
1036 2579 1248 2657 Iohanne²²²)
1278 2601 1355 2641 naus
1389 2581 1511 2639 militum
1544 2583 1652 2641 lancea
1672 2586 1835 2645 latussim
1854 2589 1991 2666 aperuit,
2023 2601 2051 2651 st
2073 2598 2214 2655 continuo

482 2704 516 2757 24
532 2704 624 2759 mois
643 2700 767 2778 sanquis
789 2710 816 2759 et
837 2718 927 2777 aqua.
969 2693 1041 2758 Heo
1062 2706 1156 2780 petra
1183 2715 1336 2779 magnam
1355 2692 1454 2759 habet
1475 2694 1666 2777 scissuram,
1695 2697 1786 2784 quia,
1814 2710 1850 2764 nt
1875 2700 1959 2767 dixit
1978 2702 2212 2793 Matheus²²³),

527 2826 616 2894 petre
637 2817 729 2876 scisse
750 2827 820 2875 suat
840 2824 867 2874 st
888 2821 1074 2873 monomenta
1096 2821 1214 2889 aperto.

482 2940 514 2992 at
658 2928 757 2995 Circa
785 2927 871 2992 huno
901 2924 1008 2990 locum
1035 2928 1157 2987 stabant
1178 2928 1263 2988 iuxta
1289 2949 1405 2989 crucem
1425 2931 1495 2989 Issa
1523 2939 1618 2990 nsoter
1637 2933 1698 2992 elus
1720 2942 1748 2993 st
1769 2954 1857 2995 soror
1878 2943 1986 2999 matris
2005 2942 2085 3016 cias,
2103 2947 2214 3006 Maria

481 3049 514 3102 to
535 3050 670 3126 Oleopte,
690 3056 719 3107 et
741 3046 846 3107 Mario
865 3042 1130 3123 Maqdalena²²⁴l
1171 3040 1255 3106 Item
1275 3042 1310 3107 in
1331 3040 1446 3107 eodem
1467 3041 1539 3107 loco
1561 3043 1703 3111 uidimus
1725 3057 1851 3134 partem
1872 3049 1960 3117 illius
1982 3054 2131 3123 columne
2142 3058 2213 3143 ²²⁶),

481 3170 513 3220 27
533 3164 586 3261 cui
613 3162 767 3249 alligatus
796 3160 857 3225 fuit
884 3158 1063 3241 Dominus,
1091 3156 1168 3222 dum
1197 3156 1427 3243 flagellaretur.
1475 3157 1520 3223 Et
1538 3170 1631 3244 nota,
1660 3163 1738 3249 quia
1757 3164 1833 3250 ipsa
1851 3167 1990 3235 ecclesia
2010 3180 2044 3236 et
2064 3184 2214 3240 sanctum

533 3278 727 3366 sepulcrum,
750 3287 783 3342 et
803 3276 921 3357 omnia,
943 3296 1006 3360 que
1027 3275 1115 3338 intus
1138 3284 1214 3338 suut
1233 3284 1395 3356 contenta,
1416 3297 1437 3340 a
1459 3285 1598 3361 quatuor
1620 3278 1846 3347 sacerdotibus
1866 3287 2017 3371 surianis,
2040 3291 2097 3375 qui
2120 3292 2212 3357 exire

481 3404 514 3455 18
531 3417 597 3460 non
618 3394 856 3480 permittuntur,
876 3392 910 3455 in
932 3389 1019 3455 bona
1040 3388 1213 3454 deuotione
1232 3390 1464 3456 custodiuntur.
1509 3390 1581 3472 Que
1601 3396 1709 3459 omnia
1729 3396 1795 3482 ipsi
1817 3397 1992 3469 Sarraceni
2011 3405 2213 3494 reliquerunt

481 3517 514 3570 ta
530 3511 640 3593 illesa3
669 3507 757 3597 quod
780 3508 894 3595 pocius
915 3528 958 3571 ex
978 3507 1102 3572 Diuinu
1123 3504 1311 3588 uoluntate,
1337 3528 1435 3592 quarn
1464 3530 1506 3571 ex
1534 3509 1680 3595 ipsorum
1707 3513 1828 3580 accidit
1849 3516 2091 3588 beneuolenoia
2134 3525 2212 3612 Ipsa

531 3649 609 3692 uero
632 3624 769 3690 ecclesia
791 3623 982 3687 marmoreis
1003 3623 1123 3688 tabulis
1145 3631 1177 3687 et
1198 3621 1306 3686 aureis
1327 3622 1461 3707 picturis
1483 3623 1580 3689 ualde
1601 3635 1651 3691 est
1672 3637 1796 3705 ornata,
1817 3632 1852 3695 in
1873 3637 1981 3721 capite
2004 3661 2063 3704 suo
2085 3640 2211 3710 habens

532 3741 667 3808 chorum
688 3740 815 3825 largum
837 3748 869 3803 et
889 3736 1078 3826 pulchrum,
1110 3738 1144 3802 in
1166 3738 1257 3802 cuius
1278 3737 1369 3802 aditu
1388 3759 1464 3803 ossa
1483 3762 1597 3827 regum
1622 3742 1766 3809 fidelium
1785 3749 1993 3836 requiescunt
2020 3755 2054 3819 in
2074 3779 2213 3827 marmo-

481 3867 514 3919 so
531 3858 597 3922 reis
618 3855 833 3943 sarcophagis
845 3855 913 3932 ²²⁶).
955 3853 995 3918 In
1015 3852 1123 3919 medio
1145 3852 1236 3918 chori
1259 3851 1441 3918 ostenditur
1466 3855 1597 3940 quidam
1619 3859 1775 3938 circulus,
1805 3885 1864 3950 per
1890 3887 1986 3952 quem
2008 3869 2121 3940 dicunt
2141 3898 2214 3944 een·

532 3985 620 4041 trum
645 3971 757 4038 mundi
785 3970 854 4036 illic
881 3970 1051 4036 uerissime
1072 3992 1143 4035 esse
1163 3967 1380 4056 descriptum,
1408 3970 1496 4056 qnod
1522 3983 1630 4040 tamen
1661 3978 1839 4043 seeundum
1862 3983 2045 4072 astrologos
2053 3997 2077 4068 ο)
2098 3996 2213 4078 pocius

481 4104 512 4158 ³1
532 4103 563 4159 et
588 4093 698 4157 uerius
725 4089 785 4154 sub
814 4085 940 4152 torrida
968 4109 1069 4168 zona,
1101 4086 1130 4150 si
1156 4083 1346 4150 habitabilis
1369 4096 1454 4151 esset
1466 4136 1475 4169 ,
1507 4088 1715 4158 inueniretur.
1757 4093 1834 4161 Istis
1860 4097 2009 4166 omnibus
2031 4111 2212 4194 perspectis

532 4207 674 4274 uidimus
695 4207 729 4270 in
751 4205 834 4270 atrio
858 4203 898 4268 de
921 4202 1017 4288 longe
1039 4201 1144 4289 ipsius
1167 4197 1309 4277 crucisl)
1331 4202 1491 4289 capellam
1520 4205 1685 4292 quandam
1706 4221 1870 4297 ornatam,
1906 4238 2004 4301 quam
2027 4217 2125 4287 beata
2145 4224 2212 4291 He·

530 4323 615 4406 lena,
644 4320 851 4388 Constantini
871 4328 985 4401 mater,
1011 4319 1046 4383 in
1075 4339 1112 4383 eo
1132 4315 1202 4382 loco
1224 4315 1408 4400 edificauit,
1436 4321 1470 4384 in
1489 4342 1553 4408 quo
1574 4322 1671 4407 Iuda,
1693 4324 1793 4391 fratre
1817 4327 1990 4417 Stephani,
2011 4350 2215 4408 monstrante

481 4449 514 4500 32
534 4441 641 4527 ipsam
669 4458 799 4502 crucem
824 4435 944 4501 meruit
971 4435 1119 4500 inuenire
1129 4433 1196 4512 ²²⁷).
1237 4432 1282 4498 Et
1309 4443 1388 4499 tuno
1416 4433 1458 4499 sb
1479 4438 1562 4523 ipsis
1581 4439 1767 4506 infidelibus
1789 4447 1880 4511 exire
1904 4449 2062 4536 compulsi
2083 4455 2213 4542 reliqui·

601 4606 630 4676 a)
648 4598 901 4656 conscensum.
919 4630 951 4638 —
968 4596 997 4671 b)
1015 4599 1075 4653 Hos
1093 4613 1188 4652 versus
1200 4613 1290 4669 neque
1303 4596 1336 4654 Β.
1355 4597 1490 4665 ὥαίὶωἰῐ,
1509 4617 1598 4673 neque
1610 4604 1660 4660 Ed.
1680 4634 1710 4646 -
1729 4609 1756 4679 o)
1770 4609 1926 4680 astrolopos
1935 4611 1968 4671 Β.
1981 4622 2153 4674 monomoe
2162 4621 2214 4678 Ed,

666 4715 700 4726 -
718 4684 747 4752 d)
767 4683 872 4740 Voosb.
895 4683 985 4737 mm's
1001 4681 1152 4736 omiserunt
1168 4679 1232 4736 edit
1250 4698 1291 4752 pr.
1310 4686 1339 4736 et
1353 4679 1386 4738 B.
1671 4697 1673 4701 ⁴

594 4841 666 4913 219)
688 4838 845 4913 Mamm]
867 4836 1028 4910 x1x‚41.
1050 4839 1097 4896 4²·
1458 4844 1529 4915 222)
1550 4842 1708 4923 Iohannes]
1730 4845 1821 4921 XIX,
1843 4853 1893 4910 34.

594 4943 666 5015 220)
676 4935 831 5012 foramen]
856 4935 892 4998 V.
916 4934 1031 4995 Tobler
1051 4933 1139 5013 Golg.
1161 4954 1190 5014 p.
1210 4936 1269 4994 282
1288 4952 1352 5013 sqq.

594 5041 666 5110 221)
684 5034 835 5115 purpura]
852 5032 888 5094 V.
901 5034 1038 5094 Dsniclis
1052 5033 1126 5096 thes.
1133 5034 1159 5095 1.
1177 5036 1232 5094 160
1245 5041 1294 5093 etr.
1308 5030 1354 5091 V:
1456 5012 1529 5089 ²²3)
1551 5013 1699 5090 Mallem]
1720 5013 1857 5090 XXVII,
1878 5019 1924 5078 52·

698 5145 1105 5302 mfflgff.
1456 5182 1529 5253 sss)
1551 5182 1659 5240 Maria
1679 5184 1873 5261 Maesone]
1894 5184 2069 5261 Ioux1x,
2092 5192 2141 5252 ss.

696 5316 785 5371 electu
801 5315 888 5385 digno
904 5313 1000 5384 stipite

697 5406 754 5454 tam
772 5406 871 5453 sancte
889 5395 1013 5452 membra
1028 5402 1150 5467 tangere.

696 5499 792 5567 Besta,
808 5498 887 5554 cuins
904 5496 1027 5554 brachiis
1457 5501 1529 5571 226)
1551 5498 1754 5575 sarcoplopn's]
1784 5499 1832 5559 De
1860 5497 1918 5561 hoc
1946 5500 2117 5566 Wilbrandi
2147 5507 2215 5569 loco

693 5584 813 5654 pretim
830 5584 962 5654 popmdr't
976 5581 1070 5650 mli,
1394 5598 1515 5677 exponit
1540 5596 1652 5657 Tobler
1688 5603 1715 5659 3.
1749 5596 1945 5680 Wanderung
1979 5623 2007 5682 p.
2038 5607 2108 5668 281.
2167 5604 2215 5670 Cf.

697 5667 897 5822 mxxi:
907 5665 1110 5806 mum..
1395 5694 1509 5855 Topqcsr
1538 5694 1624 5776 Golg.
1645 5717 1675 5777 p.
1701 5702 1756 5759 150
1779 5717 1844 5778 sqq.
1863 5707 1910 5767 ‚et
1943 5710 2060 5778 notam,
2097 5723 2218 5767 necnon
2269 5724 2271 5727 ·

1394 5813 1422 5872 Ρ·
1499 5814 1584 5876 -322

530 5857 668 5919 Ceterum
688 5857 765 5916 hunc
787 5873 1043 5936 quoquoversum
1064 5871 1119 5913 nos
1145 5852 1229 5932 primi
1251 5851 1353 5912 distin·

530 5960 635 6018 ximus.
1457 5947 1529 6019 227)
1550 5944 1693 6021 invenire]
1717 5943 1754 6006 V.
1775 5944 1929 6007 Robinson
1950 5946 1988 6008 N.
2010 5947 2047 6010 F
2070 5955 2140 6015 ³42.

1457 5348 1528 5421 225)
1550 5348 1689 5424 columne]
1713 5348 1827 5410 Tobler
1848 5348 1936 5430 Golg.
1955 5374 1985 5432 p.
2008 5359 2164 5421 alt-4⁴.
