5334 6975
1216 684 1271 747 177

405 869 584 954 imperator
605 867 681 933 illuc
703 868 936 946 transmiserat,
959 864 1273 953 archiepiscopatum
1295 867 1440 944 latinum,
1461 886 1556 951 quem
1578 885 1672 944 nunc,
1699 865 1782 929 sicut
1803 864 1943 947 stallos,
1965 866 2077 930 immu-

406 994 543 1048 tauerat.
585 983 656 1048 Illic
689 984 837 1048 dominus
867 1005 926 1047 rex
950 984 1091 1046 occurrit
1118 981 1212 1047 nobis
1241 993 1273 1047 et
1300 983 1427 1047 nunciis
1455 979 1546 1044 ducis
1566 979 1713 1061 Austrie,
1744 1003 1824 1067 quos
1853 982 2079 1045 honestissime
2099 988 2128 1038 ¹⁵

407 1101 538 1186 recepit,
565 1111 597 1164 et
619 1098 754 1164 detinuit
775 1121 834 1164 nos
857 1099 998 1163 interra
1020 1097 1199 1162 octodecim
1222 1100 1421 1186 septimanis.
1466 1097 1538 1161 Hoc
1558 1098 1674 1161 ciuitas
1697 1095 1796 1162 distat
1818 1120 1838 1162 a
1858 1097 2078 1173 Mamistere·)
2099 1100 2130 1151 1⁰

408 1214 488 1279 duas
511 1214 625 1280 dietas.

531 1329 605 1393 XX.
648 1329 700 1394 Ab
722 1328 778 1393 illa
800 1339 874 1416 post
895 1328 1017 1416 aliquot
1039 1328 1108 1393 dies
1131 1330 1276 1393 venimus
1298 1330 1477 1409 1111111145),
1500 1349 1562 1415 que
1584 1337 1632 1391 est
1654 1329 1769 1393 ciuitas
1790 1331 1878 1415 regis
1900 1331 1934 1393 in
1956 1330 2079 1394 amenis
2099 1345 2110 1395 1

406 1446 486 1510 locis
517 1468 617 1530 supra
645 1445 763 1510 flumen
790 1467 810 1509 a
836 1468 871 1510 se
904 1444 1211 1521 denominatum¹⁴⁶t
1244 1447 1306 1509 sita
1327 1456 1360 1509 et
1381 1467 1446 1509 non
1467 1443 1584 1508 diuites
1604 1443 1728 1509 habens
1751 1447 1854 1527 ciues3
1886 1467 1949 1531 que
1972 1455 2080 1509 tamen

408 1563 523 1638 intrab)
552 1584 661 1626 muros
689 1561 874 1647 largissima
902 1570 960 1626 est.
1004 1560 1146 1640 Quidam
1178 1560 1291 1626 dicunt
1311 1559 1461 1625 Medeam
1491 1559 1566 1623 hinc
1596 1560 1695 1624 fuisse
1724 1560 1909 1635 oriundam,
1947 1560 1987 1624 de
2016 1568 2114 1646 quat

407 1676 545 1743 Ouidius
562 1678 630 1753 ¹⁴⁷):

888 1794 976 1854 Tune
997 1793 1071 1854 duos
1093 1815 1159 1869 una,
1182 1796 1336 1856 senissima
1357 1796 1467 1874 uipera,
1489 1794 1584 1854 cena?

888 1895 974 1953 Tune
996 1893 1091 1954 duos?

533 2007 653 2072 Uerum
675 2016 733 2086 est,
755 2005 842 2090 quod
863 2005 922 2070 hec
942 2007 1057 2070 ciuitas
1079 2005 1195 2071 multos
1218 2016 1251 2071 et
1271 2004 1493 2071 abhorrendos
1501 2015 1524 2082 1)
1546 2005 1635 2069 fouet
1655 2006 1888 2086 incantatorem
1911 2004 1999 2092 quod
2014 2003 2114 2089 qui-3

412 2123 489 2187 dam
507 2132 652 2188 nostrum
676 2122 897 2207 experimento
919 2120 1109 2186 didicerunt.
1151 2121 1222 2186 Hec
1244 2105 1385 2186 distata
1408 2121 1506 2185 Tarsi
1528 2144 1624 2185 unam
1647 2119 1776 2184 dietam.
2099 2131 2115 2182 t

535 2238 629 2302 XXI.
670 2236 709 2300 In
732 2235 784 2300 die
806 2259 884 2301 uero
907 2237 950 2315 (h.
968 2262 993 2301 e.
1016 2239 1050 2301 in
1063 2237 1158 2313 festo)
1174 2238 1357 2323 epiphanie,
1378 2236 1464 2323 quod
1482 2236 1640 2301 Hormeni
1659 2235 1886 2322 baptisterium
1904 2234 2081 2322 appellant,
2101 2246 2112 2295 1

413 2355 619 2440 peruenimus
640 2353 770 2429 11118).
811 2351 865 2416 Ad
892 2375 986 2438 quem
1015 2352 1163 2418 dominus
1194 2376 1253 2417 rex
1279 2375 1338 2418 nos
1359 2350 1402 2416 ad
1423 2351 1653 2417 celebrandum
1673 2373 1764 2415 suum
1787 2350 1905 2414 festum
1926 2352 2116 2416 inuitauet

412 2472 543 2547 111111).
585 2469 727 2534 Η10111
750 2469 921 2553 capitanea
943 2470 1057 2533 ciuitas
1081 2469 1203 2533 domini
1224 2469 1322 2551 regis,
1344 2468 1487 2532 infinitos
1510 2477 1541 2532 et
1563 2466 1681 2531 diuites
1701 2465 1815 2531 fouens
1837 2465 2116 2535 inhabitatoroe.3

413 2584 517 2649 Nullis
539 2583 770 2648 munitionibus
793 2585 943 2669 cingitur.
986 2584 1081 2649 Unde
1104 2587 1216 2671 pocius
1239 2607 1309 2648 eam
1331 2582 1461 2664 uillam,
1491 2605 1587 2670 quam
1609 2582 1772 2646 ciuitatem
1794 2603 2032 2667 nuncuparem,
2056 2565 2117 2679 si}

413 2700 523 2765 sedem
554 2699 865 2786 archiepiscopalem
889 2700 1128 2766 Hormenorum
1150 2701 1184 2763 in
1204 2723 1239 2764 se
1259 2723 1325 2765 non
1346 2699 1488 2764 haberet.
1531 2699 1568 2763 In
1599 2719 1662 2784 qua
1683 2697 1786 2760 eciam
1809 2696 1908 2761 Greci
1930 2720 1988 2762 suo
2010 2698 2119 2768 obe-tt

412 2815 504 2879 diunt
526 2815 721 2901 patriarche.
766 2814 916 2881 Castrum
938 2838 1013 2880 uero
1035 2815 1133 2880 habet
1154 2838 1250 2901 super
1272 2838 1306 2879 se
1329 2816 1427 2879 situm
1448 2815 1482 2877 in
1504 2823 1611 2877 monte
1632 2810 1728 2876 ualde
1750 2815 1925 2894 munitum,
1954 2817 2117 2879 1011111

414 2931 497 3018 pede
518 2933 591 3017 ipsa
615 2932 729 2994 ciuitas
752 2930 901 2995 ordinate
924 2942 955 2995 et
975 2931 1138 3015 gradatim
1162 2930 1359 2995 descendere
1381 2929 1517 2994 uidetur.
1561 2928 1614 3009 Et,
1635 2939 1669 2992 ut
1691 2927 1812 3009 dicunt,
1835 2928 1894 2992 hec
1910 2928 2118 3016 aliquandot

413 3069 434 3109 a
455 3046 559 3110 Dario
581 3067 668 3130 rege,
689 3067 785 3132 quem
805 3044 994 3110 Alexander
1016 3045 1144 3128 deuicit,
1170 3045 1406 3133 possidebatur.

539 3160 646 3225 XXII.
688 3161 823 3225 Festum
844 3161 1028 3247 epiphanie,
1051 3162 1091 3226 de
1114 3183 1176 3248 quo
1198 3184 1248 3226 me
1271 3183 1372 3247 supra
1385 3164 1439 3237 ¹⁵⁰)
1460 3159 1596 3246 promisi
1616 3157 1788 3240 dicturum,
1811 3158 1854 3223 ad
1875 3161 1961 3245 quod
1982 3162 2086 3227 eciam
2107 3172 2116 3222 1

415 3278 564 3341 dominus
599 3298 659 3340 rex
688 3298 748 3340 nos
776 3278 988 3358 inuitauerat,
1019 3281 1052 3342 in
1079 3278 1163 3342 hunc
1192 3276 1322 3341 modum
1344 3275 1385 3340 ab
1408 3276 1583 3340 Hermonis
1606 3274 1773 3359 agebatur.
1815 3275 1996 3341 Duodecim
2016 3276 2120 3342 diest

417 3392 643 3479 precedentes,
673 3413 754 3479 quos
777 3413 835 3457 nos
857 3395 891 3457 in
911 3394 1031 3479 gaudio
1054 3405 1086 3457 et
1107 3392 1211 3479 epulis
1224 3394 1296 3473 ¹³¹),
1324 3393 1388 3477 ipsi
1409 3391 1450 3455 ob
1472 3390 1752 3465 honorationemd)
1774 3392 1825 3453 sui
1844 3391 1921 3455 festi
1941 3392 1976 3457 in
1998 3394 2086 3479 peni·

416 3512 521 3573 111111
543 3519 677 3594 egerunt
697 3519 728 3573 et
747 3510 890 3591 ieiuniis,
925 3510 1121 3597 apisaibus,
1150 3511 1225 3574 uino
1255 3518 1287 3572 et
1308 3507 1378 3574 oleo
1401 3507 1610 3572 abstinentes.
1651 3505 1731 3592 Ipsa
1758 3528 1834 3571 uero
1856 3530 1951 3573 sacra
1972 3508 2120 3595 uigilia³

416 3634 512 3703 toto⁰)
536 3625 587 3689 die
611 3624 653 3688 ab
674 3624 725 3688 his
739 3626 794 3700 ¹⁵²)
816 3625 1049 3707 abstinuerunt,
1070 3627 1116 3691 ita
1136 3635 1171 3690 ut
1192 3635 1267 3712 post
1291 3623 1518 3711 crepusculum
1532 3623 1705 3687 missarum
1720 3622 1827 3687 officia
1840 3621 2041 3689 celebrarent
2057 3635 2088 3690 et

416 3751 513 3806 totam
546 3740 634 3805 Illam
663 3742 790 3804 n'octem
822 3743 855 3805 in
878 3741 998 3807 diuinis
1019 3743 1181 3807 insomnes
1203 3739 1440 3816 deducerent‘).
1482 3739 1560 3825 Ipso
1583 3739 1668 3802 enim
1690 3736 1743 3802 die
1765 3748 1864 3824 agunt
1885 3739 2002 3804 iestum
2019 3740 2122 3806 Det

416 3858 533 3921 minice
552 3856 758 3937 Natiuitatis,
785 3856 928 3922 dicentes
950 3858 1128 3922 Dominum
1157 3881 1220 3922 uno
1248 3868 1279 3921 11
1302 3857 1415 3922 eodem
1438 3857 1552 3933 (eciam
1577 3853 1698 3939 specie)
1728 3852 1902 3918 die·fuisse
1924 3869 2035 3919 natum
2057 3867 2089 3920 et

418 3983 490 4058 post
518 3993 602 4036 anno
628 3973 794 4056 trIgesimo
821 3973 1029 4058 baptisatam.
1072 3973 1168 4037 Mane
1196 3995 1273 4037 uero
1296 3974 1382 4037 facto
1396 3973 1451 4048 ¹⁵³)
1478 3992 1589 4034 omnes
1620 3968 1663 4033 ad
1696 3967 1859 4055 quoddam
1882 3968 2001 4033 flumen
2022 3971 2121 4056 ipsit

483 4138 510 4203 a)
530 4135 680 4188 Martialem
697 4133 728 4189 B.
746 4164 779 4174 —
797 4134 826 4201 b)
843 4136 923 4204 iufra
941 4135 975 4191 Β.
992 4136 1067 4189 intra
1084 4135 1134 4188 Ed.
1153 4167 1184 4174 -
1210 4135 1237 4204 c)
1255 4134 1354 4188 multae
1371 4141 1395 4186 et
1412 4133 1601 4186 abhorrendae
1617 4131 1648 4185 Β.
1670 4160 1700 4169 -
1718 4131 1746 4194 d)
1765 4131 1982 4187 abtonoratione
2000 4133 2088 4189 BEd.

552 4219 633 4284 Quod
653 4219 825 4272 correximus.
844 4249 875 4257 -
894 4222 919 4285 1)
938 4226 996 4272 tota
1014 4219 1064 4272 Ed.
1105 4218 1185 4282 Quod
1203 4217 1377 4272 correximus.
1395 4246 1425 4255 —
1444 4213 1472 4286 f)
1490 4217 1650 4269 dedecerent
1668 4213 1700 4268 Β.
1718 4216 1890 4269 traducerent
1906 4215 1957 4270 Ed.

482 4377 550 4446 145)
572 4373 680 4448 ridere]
703 4372 811 4431 Adana
831 4367 860 4431 et
880 4374 1000 4452 antiqua
1021 4382 1051 4430 et
1071 4392 1181 4431 recens.
1275 4370 1330 4429 sibi
1343 4369 1504 4440 videantur,
1513 4388 1629 4449 prorsus
1640 4367 1787 4428 falluntur.
1808 4368 2000 4430 Wilbrandus
2013 4373 2091 4431 enim

484 4477 552 4547 146)
575 4491 595 4529 a
616 4492 647 4530 ae
669 4471 891 4546 denominatim]
914 4471 1036 4531 Veteres
1051 4473 1161 4530 Sarum
1182 4492 1232 4530 no·
1277 4488 1371 4547 neque
1391 4468 1463 4541 hoc,
1492 4487 1587 4546 neque
1608 4476 1748 4544 sequente
1777 4469 1871 4548 capite
1894 4471 2091 4530 narratiuncu-

416 4570 576 4642 minabant,
598 4590 677 4629 nunc
698 4571 793 4628 Sileon
814 4579 941 4628 vocatur.
1277 4567 1322 4626 lae
1353 4567 1399 4625 isti
1427 4567 1516 4625 ullam
1546 4565 1665 4625 omnino
1691 4584 1792 4623 ansam
1814 4566 1950 4644 praebat,
1981 4571 2091 4650 quippe
2115 4635 2117 4639 .

486 4674 552 4742 147)
579 4667 712 4744 Ouidius!
737 4669 830 4727 Immo
852 4669 1002 4727 quenalis
1024 4669 1232 4732 1111111641.
1277 4685 1366 4744 quam
1389 4686 1426 4724 ne
1448 4665 1537 4724 verbo
1559 4661 1677 4742 quidem
1700 4665 1832 4741 attingat
1875 4662 1937 4725 Sed
1957 4668 2092 4727 attendas

484 4771 553 4835 118)
576 4766 634 4841 Sia]
657 4786 713 4826 rec.
737 4766 793 4838 Sis,
816 4765 900 4826 Sisia.
1277 4764 1316 4823 ad
1339 4765 1412 4824 haec
1433 4766 1524 4843 ipsius
1544 4761 1636 4821 verba
1664 4764 1760 4841 capite
1781 4764 1953 4842 insequente
1975 4775 2090 4824 exstan-

484 4867 622 4939 11111111
649 4885 731 4940 quem
759 4899 798 4909 —
826 4866 1018 4941 inuitauerot]
1057 4867 1178 4945 Irrepsit
1205 4867 1235 4924 in
1276 4865 1332 4922 tia:
1356 4862 1411 4936 „ad
1433 4861 1511 4942 quod
1533 4862 1625 4920 eciam
1645 4859 1780 4921 dominus
1802 4884 1853 4923 rex
1874 4883 1926 4920 aas
1949 4865 2090 4925 inuitaue-

420 4964 566 5022 historiam
599 4963 864 5040 aldenburgensem
896 4984 974 5023 error
1005 4967 1104 5045 utique
1136 4965 1234 5044 expel·
1278 4965 1350 5021 rat.⁴‘
1372 4963 1480 5021 Nonne
1495 4960 1892 5042 appareteostantummodo
1909 4971 1940 5018 11
1956 4963 2091 5024 festoce-

418 5063 531 5122 landus.
575 5061 693 5121 Etenim
716 5061 906 5122 Wilbrandus
927 5073 1032 5135 1101111,
1052 5064 1235 5142 imperatoris
1277 5061 1420 5120 lebrando
1442 5064 1624 5132 interessent,
1645 5060 1730 5118 sicuti
1752 5059 1825 5117 alios
1847 5058 1978 5138 hospitas
2000 5062 2091 5121 solius

417 5160 536 5221 Ottonis
565 5161 693 5237 legatus,
722 5158 777 5217 hoc
804 5163 867 5240 ipso
888 5163 936 5221 die
958 5162 1134 5241 epiphaniae
1155 5162 1234 5243 Rup-
1277 5160 1394 5219 honoris
1416 5180 1506 5219 causa
1527 5161 1663 5219 invitatos
1686 5158 1773 5216 esse?
1794 5157 1873 5215 Num
1893 5159 1953 5216 fieri
1970 5169 2092 5238 poterat,

418 5262 488 5340 pino
509 5260 612 5317 iuniori
636 5278 773 5318 coronam
799 5261 970 5340 imposuIsse
988 5281 1083 5319 errore
1103 5259 1235 5319 traditur.
1278 5269 1308 5317 11
1337 5280 1389 5318 rex
1420 5259 1495 5318 Libo
1523 5260 1684 5336 ignoraret,
1712 5254 1918 5314 Wilbrandum
1944 5256 2000 5317 hoc
2027 5259 2091 5338 ipso

419 5359 487 5418 Vid.
511 5361 534 5419 I.
560 5359 593 5416 L.
616 5360 649 5418 1..
676 5357 831 5417 (lethardi
851 5359 1000 5419 Abhandl.
1021 5360 1140 5418 Partem
1155 5360 1184 5417 II
1206 5368 1236 5418 11
1277 5358 1324 5417 die
1346 5358 1516 5437 Ruppinum
1535 5366 1738 5415 coronaturum
1760 5354 1845 5413 asse?

416 5460 692 5519 commentationem
714 5459 899 5537 inscrIptam:
928 5458 1040 5530 Robin,
1062 5457 1116 5516 auf
1131 5457 1235 5517 Befehl
1343 5463 1411 5524 150)
1432 5457 1536 5534 supro]
1560 5477 1584 5514 c.
1606 5453 1709 5512 XVII.
1738 5457 1781 5512 10.

419 5559 526 5618 Kaisar
556 5555 626 5615 Otto
647 5555 693 5614 IV
727 5556 886 5632 gehrbntcr
914 5557 1015 5635 Konig
1046 5576 1104 5616 von
1133 5556 1234 5615 Arme·
1344 5559 1412 5627 151)
1435 5554 1537 5630 epulis!
1561 5553 1681 5632 supple:
1702 5551 1820 5626 aqimus.

417 5659 494 5716 nien.
537 5655 577 5713 Iit
598 5657 730 5713 Hulemii
756 5656 904 5714 historiam
926 5654 1188 5733 oldenburgensem
1211 5657 1236 5714 Ι.
1345 5659 1413 5726 152)
1435 5656 1472 5711 ab
1493 5652 1547 5728 llis!
1570 5651 1707 5730 piscibus,
1727 5650 1796 5708 vino
1819 5658 1849 5709 et
1866 5651 1943 5710 oleo.
1980 5651 2093 5711 Diebus

423 5759 478 5815 183
501 5774 558 5833 sq.‚
594 5753 643 5811 ubi
674 5765 761 5832 caput
795 5755 942 5833 peculiare
973 5756 1142 5832 inscriptum
1177 5765 1236 5824 est;
1280 5751 1523 5831 praecedentibus
1546 5751 1650 5830 partim
1669 5755 1783 5806 tantum
1804 5749 1978 5809 ieiunavere.

415 5851 687 5912 GrafWillebrand
711 5852 798 5912 11111111
819 5854 1028 5929 einenKbnig.
1066 5852 1124 5926 Qui
1147 5854 1235 5931 scrip·
1345 5855 1411 5925 153)
1440 5854 1531 5908 Mane
1558 5867 1628 5905 uero
1649 5846 1746 5921 sacto]
1777 5848 1840 5905 Iam
1867 5867 1955 5926 supra
1981 5850 2092 5908 monui·

417 5961 495 6011 tores
517 5972 605 6032 quum
627 5950 794 6011 Wilbrandi
816 5953 907 6030 ipsius
929 5953 1131 6011 auctoritatem
1153 5953 1236 6030 sequi
1277 5971 1356 6020 mus,
1389 5949 1451 6007 falli
1477 5945 1677 6007 Gebhardium
1705 5943 1912 6004 Wilbrandum
1946 5947 2002 6006 hoc
2027 5948 2092 6026 ipso

1852 6060 1883 6110 13
