5334 6975
1300 690 1335 750 51

607 866 714 953 Supra
742 866 825 931 hanc
854 877 971 931 contra
998 865 1194 930 occidentem
1217 876 1268 930 est
1286 888 1379 931 mons
1404 870 1526 949 oenoe,
1558 866 1737 932 extendens
1766 890 1801 934 se
1821 881 1933 933 contra
1955 867 2188 933 occidentems

481 1004 583 1071 usque
602 980 744 1048 lesrahel
766 981 809 1047 ad
829 980 909 1046 duas
932 982 1051 1047 leucas.

603 1099 656 1163 De
675 1097 819 1163 Bethsan
846 1096 889 1162 ad
917 1099 998 1163 duas
1018 1098 1128 1163 leucas
1149 1108 1261 1162 contra
1288 1096 1487 1163 occidentem
1509 1101 1611 1164 oritur
1633 1099 1706 1164 fons
1728 1123 1883 1186 magnus,
1906 1099 2032 1165 duabus
2053 1100 2206 1168 lencis10

481 1236 582 1301 supra
603 1214 762 1297 Bethsan,
790 1217 845 1300 qui
867 1215 985 1280 dicitur
999 1223 1076 1292 fons
1097 1213 1302 1290 Iesralrel329)
1332 1215 1437 1300 primo
1460 1214 1673 1301 Regum330),
1700 1216 1757 1281 nbi
1779 1216 1954 1281 Philistiim
1977 1227 2155 1303 posuerunt

482 1340 591 1396 castm
613 1354 680 1413 sua,
705 1354 777 1396 oum
799 1341 905 1396 essent
926 1333 960 1395 in
981 1328 1115 1410 Gelboe,
1137 1330 1221 1393 inter
1242 1330 1349 1414 ipsum
1370 1330 1491 1395 fontem
1515 1343 1546 1395 et
1566 1331 1721 1397 Bethsan.

603 1447 657 1511 De
677 1448 765 1514 fonte
785 1448 848 1511 isto
870 1445 912 1510 ad
935 1443 1114 1526 modicum,
1143 1445 1211 1510 sere
1238 1455 1394 1530 quantuni
1416 1445 1466 1510 bis
1487 1459 1594 1532 potest
1623 1450 1730 1512 iacere
1752 1469 1859 1529 arcus,
1887 1460 1936 1511 est
1957 1448 2071 1511 ciuitas
2093 1453 2202 1517 les-11

480 1563 650 1644 raiet³³¹),
681 1565 715 1627 in
735 1563 806 1628 loco
827 1560 1060 1647 aliquantulum
1082 1559 1206 1625 eleuato
1227 1562 1304 1641 sita,
1335 1560 1499 1645 qnondam
1527 1587 1591 1628 una
1621 1565 1778 1651 regalium
1800 1564 1967 1627 ciuitatum
1988 1564 2022 1627 in
2043 1563 2155 1638 Israel,

481 1676 539 1741 sed
559 1676 656 1743 hodie
677 1681 734 1743 uix
755 1677 853 1742 habet
873 1676 973 1741 XXX
996 1676 1119 1741 domos.
1160 1676 1204 1740 Et
1225 1677 1344 1741 dicitur
1366 1676 1460 1741 hodie
1482 1681 1733 1760 Zaraeia⁸)³³²),
1756 1690 1787 1744 et
1810 1690 1859 1743 est
1878 1680 1913 1743 in
1935 1679 2018 1765 pede
2036 1681 2154 1744 montis

481 1792 606 1859 Gelboe
634 1794 676 1859 ad
706 1794 904 1860 occidentem
937 1795 1008 1858 sita.
1051 1792 1137 1857 Ante
1158 1794 1249 1857 cuius
1271 1793 1435 1857 introitum
1464 1793 1569 1858 adhuc
1597 1794 1776 1859 ostenditur
1803 1817 1881 1881 ager
1903 1795 2033 1861 Naboth
2053 1796 2154 1860 lesra·

480 1908 588 1974 helite.
630 1909 674 1973 Et
698 1909 798 1973 distat
819 1909 944 1973 duabus
966 1908 1066 1972 leucis
1088 1908 1224 1974 modicis
1248 1932 1268 1973 a
1290 1910 1422 1973 ciuitate
1444 1908 1567 1975 Sunam
1579 1959 1587 1991 ,
1621 1933 1682 1997 que
1704 1921 1753 1975 est
1774 1910 1817 1974 ab
1839 1912 1912 1996 ipsa
1934 1921 2046 1976 contra
2066 1910 2155 1997 aqui·

478 2022 584 2090 Ionem
606 2026 640 2088 in
662 2024 763 2088 latere
785 2024 918 2089 australi
939 2026 1056 2089 montis
1078 2025 1300 2103 Hermon³³³).

602 2141 662 2204 Isti
690 2140 752 2205 duo
775 2153 914 2222 montes,
948 2139 1069 2204 scilicet
1098 2163 1190 2206 mons
1209 2140 1355 2205 Hermon
1386 2153 1418 2206 et
1439 2165 1530 2208 mons
1557 2140 1698 2223 Gelboe,
1725 2143 1806 2214 ital)
1829 2150 1902 2205 sunt
1923 2139 2092 2227 dispositi,
2119 2153 2155 2205 ut

480 2280 571 2323 mons
588 2255 713 2321 Gelboe
737 2259 777 2319 sit
799 2255 840 2320 ab
864 2267 972 2320 austro
994 2267 1025 2319 et
1046 2255 1193 2320 Hermon
1216 2255 1258 2319 ab
1278 2257 1439 2342 aquilone,
1464 2272 1495 2322 et
1515 2257 1652 2323 duarum
1674 2257 1875 2321 modicarum
1894 2255 2060 2321 leucarum
2080 2278 2153 2342 spa·

482 2374 566 2439 cium
588 2376 630 2437 sit
651 2375 734 2436 inter
757 2395 822 2437 eos.
864 2370 1048 2457 Longitudo
1070 2393 1147 2436 uero
1170 2393 1280 2436 corum
1301 2373 1503 2459 protenditur
1525 2374 1568 2438 ab
1591 2376 1713 2438 oriente
1740 2375 1774 2437 in
1795 2373 2008 2454 occidentem,
2042 2386 2071 2436 ct
2094 2384 2155 2435 ter·

479 2490 644 2553 minantur
665 2488 706 2554 ab
729 2489 852 2553 oriente
874 2487 969 2552 ambo
991 2490 1025 2550 in
1042 2486 1191 2569 Iordane,
1213 2487 1302 2573 longi
1324 2487 1450 2554 duabus
1471 2489 1570 2555 leucis
1591 2489 1643 2553 uel
1664 2489 1750 2576 plus.

600 2604 640 2669 In
662 2605 803 2691 planicie
824 2627 900 2669 uero
921 2602 1113 2669 intermedia
1134 2602 1225 2667 multi
1248 2614 1279 2668 et
1300 2606 1442 2691 magnie)
1462 2605 1566 2670 babiti
1588 2614 1662 2669 sunt
1683 2605 1859 2670 conflictus.
1894 2603 1946 2669 Ibi
1968 2605 2051 2668 enim
2074 2626 2153 2690 pug-

479 2722 571 2784 nauit
599 2720 734 2786 cheon
768 2732 879 2785 contra
911 2719 1064 2803 Madian,
1094 2722 1171 2784 item
1200 2719 1280 2784 Saul
1307 2731 1419 2785 contra
1446 2720 1636 2803 Philistiim3
1663 2724 1739 2787 item
1762 2720 1877 2785 Achab
1907 2729 2019 2784 contra
2043 2719 2153 2804 Syros.

479 2833 645 2900 Modemis
667 2838 769 2901 eciam
791 2836 905 2900 diebus
928 2835 1129 2914 Tartar-iffi)
1153 2835 1272 2900 ibidem
1296 2836 1547 2914 conflixeruntd)
1567 2859 1640 2902 cum
1659 2836 1860 2902 Sarracenis.

606 2953 700 3032 [Nota
722 2963 829 3016 autem
853 2951 893 3016 de
913 2954 974 3016 isto
996 2962 1103 3016 monte
1124 2952 1290 3034 Hermon,
1322 2953 1410 3036 quod
1430 2953 1538 3017 adhuc
1559 2954 1642 3018 alius
1664 2976 1757 3017 mons
1778 2953 1920 3017 eiusdem
1942 2951 2203 3015 nominum-12

479 3075 575 3155 prat)
599 3068 841 3136 Traconitidem
872 3072 965 3133 iuxta
993 3078 1133 3131 montem
1158 3067 1319 3154 Sanyrs‘),
1347 3073 1401 3155 qui
1432 3080 1481 3133 est
1510 3068 1610 3134 multo
1637 3070 1741 3133 maior
1764 3079 1794 3132 et
1816 3068 1916 3132 alcior
1938 3068 2016 3147 isto;
2050 3078 2081 3130 et
2100 3063 2154 3129 ille

481 3194 538 3266 est,
561 3183 602 3249 de
624 3207 693 3272 quo¹
709 3188 870 3272 scriptura
892 3187 926 3247 in
947 3183 1055 3248 multis
1077 3182 1156 3248 locis
1179 3184 1335 3270 loquitur,
1357 3207 1422 3249 non
1444 3185 1589 3263 istcl³³⁵l

602 3300 641 3364 In
663 3302 802 3387 planicie
823 3324 910 3382 uero,
934 3321 994 3386 que
1016 3311 1064 3364 est
1085 3302 1167 3364 inter
1183 3311 1308 3366 montes
1324 3302 1414 3382 istos,
1435 3302 1550 3386 incipit
1572 3304 1726 3376 convallis,
1746 3322 1808 3386 que
1824 3298 1942 3363 dicitur
1956 3283 2153 3359 illustris³³⁰l
2174 3304 2204 3354 13

483 3427 617 3503 propter
644 3418 694 3480 sui
721 3418 927 3481 amenitatem
957 3428 988 3479 et
1014 3415 1229 3499 fertilitatem,
1257 3427 1289 3481 et
1314 3415 1498 3480 extenditur
1526 3438 1545 3479 a
1575 3416 1645 3480 loco
1673 3417 1737 3481 isto
1759 3437 1818 3502 per
1840 3424 1942 3480 totum
1964 3413 2153 3478 descensum

479 3532 629 3597 Iordanis
652 3556 752 3620 usque
775 3533 817 3596 ad
838 3554 928 3596 mare
948 3542 1119 3596 mortuum.
1161 3532 1345 3620 Antequam
1368 3531 1569 3597 subuerteret
1588 3533 1749 3597 Dominus
1771 3530 1947 3596 Sodomam
1967 3540 1998 3596 et
2018 3528 2153 3594 Gomor-

479 3668 562 3728 ram,
592 3659 662 3712 erat
694 3654 838 3710 coauallis
867 3653 1008 3728 illustris,
1037 3671 1099 3735 que
1127 3648 1325 3735 irrigabatur
1350 3654 1426 3711 sicut
1451 3653 1618 3729 paradisus
1645 3661 1672 3709 et
1695 3652 1770 3710 sicut
1797 3654 1945 3727 Eyyptus,
1978 3657 2014 3709 ut
2035 3643 2153 3708 dicitur

480 3758 617 3828 Genesis
640 3764 801 3840 XIII³³³).

568 3912 576 3917 ⁰
603 3880 746 3944 Iesrahel
778 3892 883 3945 autern
912 3880 1081 3966 pulchrum
1109 3881 1206 3946 habet
1239 3880 1466 3967 prospeculum
1494 3903 1552 3966 per
1578 3891 1678 3945 totam
1702 3877 1863 3944 Galileam
1884 3875 2050 3964 usquead
2073 3874 2203 3941 Car-tt

481 3992 597 4059 melum
621 4005 652 4059 et
672 4009 796 4060 montes
818 3996 970 4062 Phenicie
990 4009 1195 4085 montemque
1216 3997 1328 4062 'labor
1350 4007 1381 4061 et
1396 3994 1524 4060 Galaad
1545 4005 1576 4058 et
1599 3994 1681 4058 ultra
1693 3994 1864 4059 Iordanem
1888 4005 1919 4058 ct
1942 4003 2041 4056 totum
2064 4013 2151 4054 mon·

480 4116 543 4173 tem
563 4109 712 4196 Effrayrn
736 4134 837 4198 usque
860 4112 901 4175 ad
925 4113 1119 4178 Carmelum.

545 4277 573 4340 a)
591 4276 731 4328 sarracino
750 4274 791 4330 St.
809 4275 956 4330 Sarraebim
974 4275 1000 4331 11.
1021 4275 1139 4347 Clearety
1157 4278 1207 4331 Ed.
1226 4278 1294 4331 Veri.
1319 4307 1352 4315 -
1377 4277 1405 4340 b)
1425 4278 1465 4328 ita
1482 4293 1533 4328 orn,
1553 4273 1602 4340 St,
1623 4273 1708 4327 lrabct
1726 4273 1752 4325 11.
1785 4305 1812 4314 -
1840 4276 1865 4339 c)
1886 4271 1965 4323 multi
1992 4278 2016 4322 ct
2034 4270 2113 4323 malti
2130 4279 2154 4323 et

612 4361 700 4428 inopis
719 4359 758 4413 st.
789 4361 869 4413 mariti
893 4367 917 4413 et
943 4361 1038 4429 maslai
1059 4360 1084 4414 h.
1120 4361 1249 4416 Fortasse
1273 4360 1418 4429 legendum
1446 4366 1499 4416 est:
1532 4357 1611 4411 orrrlti
1633 4365 1657 4411 et
1674 4377 1692 4411 a
1708 4357 1801 4410 psaltis
1817 4365 1842 4409 et
1859 4355 1959 4424 arcrqttr'.
1983 4383 2015 4392 -
2044 4353 2154 4423 11101111-

613 4449 768 4496 airuaeettmt
785 4443 825 4498 St.
852 4444 1032 4513 conflixerant
1050 4444 1077 4499 h.
1102 4474 1131 4484 -
1158 4447 1183 4504 el
1201 4461 1287 4512 sirpra
1304 4444 1384 4513 infra
1403 4442 1438 4511 (1)
1456 4443 1645 4496 troconitidem
1664 4441 1704 4495 st
1721 4458 1806 4510 stupra
1824 4440 1959 4507 repioaem
1979 4439 2060 4492 Trac.
2077 4438 2103 4493 h,
2122 4469 2154 4479 —

615 4523 640 4596 f)
657 4528 761 4580 sroorrir
778 4526 817 4582 St.

542 4701 613 4771 329)
628 4704 704 4772 sons
727 4700 871 4775 Iesralrel]
892 4699 927 4759 V.
954 4698 1129 4769 18111129,
1157 4706 1178 4757 1.
1209 4697 1296 4758 Nunc
1401 4703 1472 4773 334)
1498 4699 1633 4774 Tartari]
1662 4698 1719 4757 Die
1741 4703 1767 4759 3.
1797 4719 1834 4758 m.
1858 4695 1940 4775 Sept,
1968 4716 2046 4754 anno
2079 4700 2153 4756 1260

480 4793 548 4853 ’Ain
571 4796 687 4857 Iesreel.
730 4795 767 4857 V.
789 4797 884 4857 Ritter
905 4797 991 4858 XVI.
1015 4803 1074 4857 415
1097 4817 1139 4876 sq.
1339 4820 1361 4859 s.
1381 4803 1457 4859 1258
1476 4797 1514 4857 ad
1529 4798 1597 4856 'Ain
1610 4796 1764 4857 Dsclrahid
1783 4797 1906 4867 (fontem
1918 4793 2063 4866 Goliadis)
2082 4794 2154 4851 Ket-

543 4899 615 4968 330)
633 4895 733 4970 prirrro
755 4898 876 4973 Bepara]
900 4896 979 4957 Sam.
1002 4902 1050 4971 29,
1076 4902 1100 4957 l.
1339 4897 1415 4974 boga
1438 4896 1512 4956 duce
1534 4894 1992 4971 1111111111’11111111111103011
2012 4900 2155 4969 regnante

544 4996 615 5065 331)
639 4996 782 5071 Iesralrel]
804 4998 924 5077 antiqua
940 4996 1062 5065 Iezreel,
1080 5015 1180 5055 recens
1197 4995 1295 5054 Zer'in
1339 4995 1590 5071 HulaguKbane.
1622 4991 2155 5065 11,11’1111ε11Κ1·.1111.1111111111]

478 5113 501 5152 s.
525 5090 631 5151 Ser'iu.
670 5091 715 5152 Cf.
738 5116 765 5155 v.
788 5095 917 5156 Raumer
938 5117 966 5174 p,
995 5102 1049 5155 110
1071 5115 1113 5173 sq.
1340 5093 1508 5151 Handbuch
1531 5092 1584 5151 der
1605 5092 1781 5152 Gescbichte
1802 5092 1855 5151 des
1879 5091 2064 5151 Ilittelalters
2088 5090 2154 5149 Vol.

544 5195 615 5265 332)
643 5191 789 5267 Zaracirr]
832 5193 869 5254 V.
893 5196 1052 5273 scripturae
1089 5193 1296 5252 diversitatem.
1339 5192 1383 5250 IV
1404 5192 1522 5251 Partem
1544 5192 1590 5251 III
1613 5211 1680 5270 pag,
1703 5198 1752 5255 al.

477 5288 725 5348 Emendationem
745 5301 874 5350 nostram
897 5293 1080 5351 audaciorem
1102 5304 1297 5351 tuemurauc-
1403 5326 1474 5394 335)
1497 5325 1578 5381 Nota
1601 5332 1696 5380 autem
1719 5357 1758 5365 -
1778 5341 1837 5379 mm
1860 5322 1922 5396 im]
1952 5320 2060 5380 (ΗΘΜ
2082 5321 2155 5379 haec

480 5391 596 5448 toritate
629 5387 783 5448 Guillermi
812 5391 959 5503 ’1111111
992 5389 1089 5450 Caroli
1123 5412 1141 5449 a
1161 5391 1297 5450 Raumer.
1339 5432 1396 5493 est,
1429 5441 1522 5500 eaque
1548 5422 1674 5492 inutilis,
1710 5441 1799 5500 quum
1827 5422 1884 5478 iam
1913 5440 2002 5498 supra
2031 5419 2086 5478 ΠΙ.
2120 5426 2149 5478 11

479 5486 515 5548 V.
537 5508 564 5547 v.
578 5487 708 5547 Raumer
721 5510 748 5566 p.
770 5496 839 5561 1403
863 5488 1055 5548 Guillermum
1073 5489 1296 5569 Tyr.p.103⁷=
1339 5542 1422 5579 mons
1444 5519 1576 5578 Hermon
1599 5520 1669 5578 satis
1692 5530 1827 5578 accurate
1850 5517 2037 5577 describatur.

478 5588 527 5666 qui
551 5587 569 5647 l.
586 5586 683 5644 XXII
704 5607 729 5645 c.
749 5591 787 5648 26
810 5588 918 5647 Iesreel
940 5608 1061 5666 paruum
1081 5587 1220 5648 Gerinum
1234 5588 1296 5645 vul-

477 5686 541 5762 gari
563 5687 762 5765 appellatione
784 5687 840 5748 dici
862 5697 993 5759 testatur,
1016 5708 1051 5746 ex
1073 5708 1130 5766 quo
1151 5687 1296 5746 recentius
1464 5753 1470 5764 ,
1541 5753 1547 5765 ,

479 5783 605 5843 Zmin
628 5786 715 5845 facile
740 5791 819 5846 nasci
841 5796 962 5866 poterat·
1338 5751 1427 5829 longe
1463 5751 1584 5811 inferrus
1619 5772 1711 5829 prope
1748 5750 1832 5810 Zoar.
1885 5749 1929 5810 Of.
1966 5771 1991 5807 v.
2029 5747 2155 5807 Raunrer

541 5888 613 5958 333)
634 5888 740 5943 moritis
761 5887 902 5960 Hermon]
933 5889 949 5946 i.
973 5906 997 5945 e.
1025 5886 1143 5944 minoris
1171 5904 1192 5944 s.
1220 5883 1296 5944 Her·
1338 5872 1365 5929 P·
1390 5855 1458 5911 ²4⁰·

479 5984 577 6056 monii,
599 5988 724 6044 recentis
745 5985 832 6044 Dahi.
1401 5986 1472 6057 537)
1497 5983 1621 6042 Genesis
1642 5982 1742 6057 XIII]
1765 6003 1790 6040 v.
1818 5986 1861 6042 10,

1908 6096 1941 6142 7.

1402 5653 1473 5725 336)
1498 5653 1643 5711 convallis
1667 5652 1801 5727 illustris]
1830 5651 1924 5710 Vallis
1954 5650 2072 5709 illustris
2094 5662 2154 5707 erat
