5334 6975
1326 697 1385 759 ioo
1875 730 1905 794 ,

476 884 628 942 ttetrum
654 873 778 940 hebens
807 874 960 958 odorem,
991 876 1025 939 in
1053 897 1117 962 quo
1144 877 1323 938 Gomorram
1355 886 1388 940 et
1413 877 1569 938 Sodomam
1600 874 1712 940 dicunt
1740 872 1914 962 absorptos
1944 874 2055 939 fuisse.
2097 873 2195 960 Iuste

476 999 492 1051 ³
510 989 593 1058 illud
613 1000 814 1056 monstretur
831 1002 942 1068 potem
965 994 1066 1056 Iooot.
1109 990 1201 1057 Sicut
1223 991 1326 1055 eciem
1346 990 1381 1056 in
1402 992 1509 1078 primo
1529 990 1613 1058 libro
1625 992 1683 1071 260)
1705 982 1881 1056 tractetum
1901 997 2001 1067 eom),
2032 971 2097 1054 duo
2121 997 2195 1053 sunt

511 1107 633 1189 fontes,
658 1111 712 1168 Ior
734 1115 767 1169 et
787 1110 875 1181 Dan,
909 1108 965 1193 qui
987 1107 1136 1172 oriuntur
1158 1106 1192 1170 in
1217 1103 1298 1192 pede
1318 1105 1457 1191 Libani,
1479 1116 1512 1173 et
1533 1106 1730 1172 confluentes
1751 1107 1786 1171 in
1805 1129 1904 1171 unum
1925 1105 2097 1171 Iordanem
2120 1126 2194 1170 con-

398 1240 409 1256 ·
476 1221 631 1289 eficiunt
672 1221 771 1286 quta
791 1219 883 1285 iilum
906 1225 1011 1289 eciem
1030 1221 1138 1287 locum
1160 1220 1302 1287 uidimus
1323 1221 1496 1308 desertum,
1527 1224 1568 1290 de
1590 1245 1653 1311 quo
1675 1221 1896 1300 Metheus²⁶¹)
1918 1223 1979 1286 sit:
2011 1227 2130 1284 Doctus
2151 1233 2195 1283 est

485 1346 487 1352 '
511 1343 596 1402 Imm
617 1340 649 1400 s‘m
670 1343 815 1401 desertum
838 1361 859 1399 a
881 1340 1007 1418 Spiritu,
1028 1351 1060 1402 ut
1083 1352 1250 1401 temtaretur
1269 1363 1290 1401 α
1312 1343 1437 1405 diabolo.

479 1464 489 1514 1
633 1452 725 1519 XIV.
766 1453 898 1520 Abhinc
925 1454 1170 1521 reuertebamur
1191 1454 1362 1537 Hiericho,
1393 1465 1425 1519 ct
1451 1477 1517 1521 non
1543 1453 1640 1542 longe
1669 1453 1711 1521 ab
1738 1452 1796 1519 ille
1817 1450 2073 1520 ascendebamus
2095 1474 2194 1539 quen·

510 1568 585 1635 dem
608 1578 750 1636 montem
773 1570 978 1654 altissimum,
998 1573 1033 1636 in
1053 1593 1117 1659 quo
1134 1571 1296 1636 Dominus
1318 1570 1437 1635 dieitur
1459 1570 1679 1658 quodraginta
1699 1571 1863 1636 ieiunasse
1885 1567 2009 1650 diebus,
2031 1590 2051 1632 a
2073 1566 2192 1654 quibus

508 1685 581 1772 ipse
601 1706 694 1751 mons
715 1685 812 1753 hodie
838 1687 1088 1763 Quormmifflffl)
1109 1695 1324 1773 nuncupetur.

577 1850 605 1917 s)
623 1846 674 1903 Ed.
692 1866 733 1919 pr.
752 1848 854 1905 hebet:
873 1850 957 1906 loeta
971 1850 1045 1905 tuom
1058 1857 1226 1905 momtrotoor
1242 1857 1339 1921 puteos
1355 1850 1449 1919 Iacob,
1465 1850 1536 1906 stom
1551 1851 1633 1906 dmm
1650 1851 1681 1906 ιδ
1695 1805 1790 1922 primo
1806 1850 1880 1903 libro
1892 1854 2038 1903 mactatum
2048 1853 2095 1904 est.
2125 1848 2193 1901 Duo

644 1940 707 1987 mont
717 1937 823 2003 somus,
840 1934 892 1990 lor
908 1942 935 1990 ct
952 1935 1037 2001 Dam,
1054 1935 1105 2005 qni
1121 1936 1249 1989 omnnem
1265 1939 1295 1989 et
1311 1951 1337 2004 q.
1357 1952 1378 1989 s.

573 2092 645 2164 260)
672 2088 704 2146 1η
726 2088 827 2165 primo
847 2088 931 2166 libro]
959 2087 1065 2168 Capite
1092 2087 1171 2149 VIII
1200 2092 1236 2149 12
1265 2089 1331 2149 libri
1377 2093 1444 2151 529.
1494 2087 1630 2162 Accedit,
1665 2086 1744 2170 quod
1776 2088 1834 2147 ism
1865 2086 1984 2163 trigInts
2011 2086 2096 2145 annis
2126 2094 2194 2145 ente

511 2187 616 2266 prioris
630 2186 773 2247 Iordanes
793 2186 912 2268 quidem
932 2208 961 2267 p.
976 2187 1135 2260 utntfit,
1156 2208 1331 2248 commemo·
1375 2185 1582 2247 Wilbrsndum
1610 2186 1648 2248 de
1669 2184 1844 2264 Oldenborg
1863 2184 2021 2257 Fretellus,
2050 2182 2193 2243 archidic-

510 2294 598 2359 rstur,
619 2287 698 2365 putei
720 2286 812 2346 Iscob
834 2288 944 2347 mentio
965 2308 1025 2348 non
1046 2288 1089 2347 fit.
1131 2285 1220 2361 Quod
1241 2307 1330 2367 quum
1374 2306 1464 2346 conns
1486 2286 1699 2361 Antiochensis,
1722 2283 1929 2360 Quarentense
1950 2284 2130 2342 mentionem
2151 2281 2194 2340 fe-

509 2385 552 2443 its
572 2386 626 2455 sit,
652 2384 745 2444 verbe
770 2385 854 2445 aliter
881 2395 970 2465 etque
997 2386 1092 2446 editor
1112 2388 1223 2467 primus
1244 2388 1331 2446 Inter·
1374 2387 1420 2445 cit
1461 2387 1656 2451 Quarmtmo
1678 2385 1785 2463 legitur
1806 2385 1836 2443 in
1858 2382 1959 2443 codice
1972 2382 2095 2442 Fretelli
2109 2380 2194 2441 Gies·

510 2484 678 2563 punximus.
1242 2551 1249 2565 ³
1372 2485 1460 2557 sensi,
1482 2484 1562 2563 spud
1582 2484 1739 2544 Belusium
1753 2482 1928 2544 Cerentens.
1960 2480 2028 2542 Vid.
2047 2480 2195 2556 Stephani

572 2586 645 2657 261)
667 2584 816 2660 Mothous]
839 2583 908 2657 1v‚-
921 2590 945 2644 1.
1371 2585 1494 2642 Boluzii
1520 2584 1711 2643 miscellaneo
1730 2582 1869 2642 histoiica
1890 2580 1935 2642 ed.
1957 2579 2054 2640 Mensi
2076 2579 2100 2639 Ι.
2123 2584 2192 2641 439.

572 2684 645 2756 262)
662 2683 850 2759 Quormmo]
865 2682 1056 2744 Robinsonus
1074 2683 1203 2744 Palaest.
1217 2684 1258 2744 11.
1271 2688 1329 2745 552
1373 2679 1420 2744 cf.
1450 2683 1537 2743 etiem
1564 2682 1806 2763 Pseudonymum
1825 2681 2043 2760 Eugesippum,
2071 2679 2122 2758 qui
2149 2698 2192 2737 re-

509 2778 595 2839 dicit:
616 2779 685 2840 Den
706 2780 826 2840 Nomen
848 2778 1042 2854 Querenteno
1062 2780 1141 2842 finde
1162 2781 1210 2841 ich
1232 2789 1330 2841 zuerst
1370 2800 1442 2841 vers
1470 2788 1515 2841 est
1533 2781 1696 2850 Fietsllns,
1723 2779 1754 2841 id
1778 2779 1858 2861 quod
1886 2777 2066 2840 ostendimus
2087 2777 2119 2836 in
2140 2774 2193 2837 Se·

509 2877 558 2938 bei
579 2876 722 2938 Wilhelm
748 2900 808 2939 von
830 2876 1004 2959 Oldenborg
1031 2881 1071 2939 im
1091 2880 1123 2942 J.
1148 2884 1235 2942 1211.
1277 2881 1331 2939 At·
1370 2898 1461 2959 tepeo
1494 2884 1571 2942 1858
1597 2881 1654 2942 No.
1683 2884 1722 2943 24
1755 2889 1784 2941 et
1813 2884 1860 2942 42.
1894 2878 2110 2957 'Eugesippus‚
2143 2877 2193 2956 qni

510 2997 580 3037 vero
603 2974 700 3036 dicere
721 2976 862 3038 debebat:
884 2977 1047 3039 Wilbromd
1065 3000 1124 3039 von
1147 2977 1330 3057 Oldenbnrg.
1371 2987 1506 3052 vocatur,
1532 2981 1609 3040 inest
1635 2982 1665 3039 in
1692 2978 1796 3039 Allstii
1817 2976 2004 3055 Συμμίκτοις.
2040 2976 2087 3035 De
2109 2973 2198 3049 Qus?

510 3076 575 3135 Nec
596 3075 799 3137 Robinsonum
825 3080 907 3158 sequi
934 3077 1060 3139 debebat
1081 3078 1176 3140 Ritter
1194 3076 1256 3136 XV
1276 3080 1329 3151 (1).
1370 3079 1474 3139 renuis
1495 3077 1531 3139 cf.
1554 3078 1668 3139 Tobler
1687 3077 1819 3139 Denkbl.
1840 3099 1870 3158 p.
1894 3081 1952 3138 702
1975 3096 2039 3158 sqq.
