5334 6975
1307 660 1342 722 31

487 838 606 904 sultum
622 837 874 902 Sarracenorum
894 838 927 901 in
951 847 1092 901 castrum
1113 851 1162 902 est
1184 836 1350 901 translata.
1393 835 1436 900 Et
1456 837 1630 923 episcopus
1651 836 1705 902 illc
1734 847 1783 901 est
1807 837 2031 921 suffraganeus
2053 836 2156 903 archi·

487 956 635 1042 episcopi
657 954 853 1039 apamiensis
861 958 903 1034 1ζ),
926 954 1008 1016 sicut
1029 962 1061 1016 et
1081 954 1253 1039 episcopus
1275 950 1504 1029 arachensisb).

612 1071 651 1134 In
674 1070 804 1133 ciuitate
830 1072 961 1130 Ualanio
982 1078 1013 1131 ct
1034 1069 1067 1131 in
1090 1067 1187 1133 fluuio
1212 1067 1356 1133 eiusdem
1379 1068 1528 1148 nominis,
1550 1067 1606 1153 qni
1628 1068 1734 1154 ipsam
1756 1067 1945 1153 preterfluit,
1968 1069 2158 1133 terminatur
2176 1075 2210 1126 ³⁰

487 1179 623 1272 regnum
643 1184 826 1251 Ierusalem.
869 1183 988 1269 Incipit
1008 1183 1110 1248 eciam
1131 1184 1333 1270 principatus
1355 1183 1576 1265 antiochenus,
1597 1186 1767 1248 terminato
1790 1181 1912 1247 ibidem
1931 1182 2158 1249 nichilominus

490 1304 645 1366 comitatu
672 1298 868 1386 tripolitano.
911 1299 1022 1364 Distat
1050 1310 1157 1364 autem
1183 1298 1274 1363 locus
1302 1300 1364 1363 iste
1386 1298 1428 1362 ab
1451 1300 1622 1363 acconensi
1644 1300 1776 1363 ciuitate
1798 1321 1856 1385 per
1878 1298 1958 1363 VIII
1979 1298 2098 1383 dietas,
2126 1310 2159 1364 et

491 1428 565 1483 sunt
578 1416 626 1481 IV
646 1415 731 1481 dicte
754 1414 795 1480 ab
818 1417 879 1480 isto
903 1438 1005 1503 usque
1025 1415 1068 1480 ad
1081 1414 1297 1497 Antiochiam,
1321 1425 1353 1479 et
1373 1414 1449 1478 licet
1471 1413 1556 1479 ultra
1577 1416 1722 1500 processi
1743 1415 1776 1477 in
1798 1424 1886 1479 terra
1902 1416 1971 1483 ista
1990 1437 2062 1479 eam
2084 1437 2158 1481 con-

489 1531 684 1620 templando,
706 1543 813 1595 tamen
835 1529 875 1595 de
897 1553 936 1596 ea
955 1530 1054 1597 nichil
1079 1530 1200 1614 scribo,
1232 1532 1309 1616 quia
1330 1553 1396 1595 non
1418 1553 1563 1617 propono
1586 1529 1627 1594 de
1648 1528 1722 1594 aliis
1745 1531 1840 1594 terris
1863 1529 2005 1596 scribere
2026 1531 2159 1619 aliquid,

486 1651 550 1715 nisi
572 1648 613 1713 de
634 1659 722 1713 terra
744 1656 864 1713 sancta.

613 1763 656 1829 Et
677 1764 738 1828 hec
762 1762 802 1828 de
820 1765 885 1827 ista
907 1764 1013 1849 prima
1032 1761 1192 1826 diuisione
1216 1760 1303 1826 dicta
1325 1761 1495 1827 sufficiant.

839 1925 1006 1994 INCIPIT
1029 1923 1241 1991 SECUNDA
1260 1924 1430 1991 DIUISIO
1453 1925 1601 1990 TERRE
1625 1925 1809 1992 SANCTE.

561 2071 566 2075 '
612 2062 670 2129 lII.
715 2047 864 2125 Secunda
883 2058 1046 2123 distinctio
1068 2057 1214 2143 procedit
1232 2056 1273 2121 ab
1289 2057 1401 2123 Accon
1423 2064 1566 2134 contra.)
1585 2059 1778 2147 aquilonem,
1800 2071 1832 2123 ct
1849 2060 1884 2123 in
1904 2080 1943 2122 ea
1957 2058 2062 2144 primo
2085 2067 2159 2143 post
2179 2072 2189 2122 1

487 2184 598 2247 Accon
622 2179 664 2244 ad
685 2187 823 2262 quatuor
843 2174 952 2240 leucas
975 2172 1096 2238 directe
1116 2173 1320 2260 procedendo
1343 2184 1456 2239 contra
1479 2174 1662 2261 aquilonem
1682 2186 1730 2239 est
1751 2186 1901 2256 castrum,
1926 2174 2011 2260 quod
2030 2173 2158 2239 diceba-

484 2310 537 2363 tur
547 2302 637 2359 Mona
645 2297 741 2371 sortis
754 2293 818 2370 111).
849 2288 944 2371 Quod
958 2290 1063 2355 fuerat
1076 2287 1246 2375 hospitalis
1262 2288 1546 2371 Theutonicorum,
1566 2289 1624 2354 scd
1636 2313 1722 2354 nunc
1738 2291 1866 2377 penitus
1885 2299 1933 2353 est
1947 2289 2156 2354 destructum.

610 2410 689 2476 Inde
712 2419 848 2495 quatuor
869 2406 970 2470 leucis
993 2416 1104 2471 contra
1126 2404 1261 2470 eandem
1280 2403 1414 2492 plagam
1437 2417 1486 2470 est
1509 2412 1610 2468 Toron
1624 2408 1677 2483 ¹¹³)
1699 2416 1851 2487 castrum,
1872 2407 2028 2470 munitum
2051 2405 2158 2488 ualde,
2177 2424 2192 2473 2

486 2529 572 2618 quod
601 2527 750 2593 dominus
772 2521 958 2588 Tiberiadis
987 2532 1100 2586 contra
1122 2521 1248 2607 Tyrum
1278 2519 1489 2586 edificauerat
1506 2524 1578 2604 111),
1607 2543 1680 2586 cum
1707 2531 1853 2586 tenerent
1882 2543 1954 2585 earn
1974 2521 2157 2602 Sarraccni,

487 2646 611 2710 distans
633 2666 653 2707 a
675 2642 765 2727 Tyro
788 2650 911 2726 septem
932 2636 1041 2702 leucis.

609 2757 689 2823 lnde
709 2767 847 2844 quatuor
867 2753 966 2818 leucis
989 2764 1038 2817 est
1059 2753 1174 2817 ciuitas
1196 2753 1344 2837 antiqua,
1366 2756 1445 2814 asor
1465 2751 1565 2834 dicta,
1585 2754 1619 2816 in
1641 2775 1705 2840 qua
1725 2751 1888 2816 habitauit
1908 2775 1966 2816 rex
1987 2752 2081 2817 labin
2102 2752 2156 2817 ille
2175 2768 2191 2816 3

486 2888 619 2965 potens,
642 2876 697 2959 qui
719 2893 791 2935 cum
813 2870 962 2944 xxxlu
984 2868 1115 2954 regibus
1137 2870 1295 2955 pugnauit
1319 2879 1432 2933 contra
1452 2869 1548 2933 Iosue
1577 2878 1608 2931 et
1628 2867 1730 2932 Israel
1751 2867 1794 2932 ad
1817 2891 1918 2955 aquas
1939 2868 2063 2934 Maron.
2106 2868 2158 2933 De

486 3015 549 3078 qua
580 2990 698 3055 dicitur
727 2989 829 3052 eciam
861 2985 954 3049 Iosue
974 2984 1025 3048 XI
1039 2986 1108 3061 ¹¹⁵):
1136 2988 1237 3065 quial)
1266 2988 1359 3044 solam
1387 2988 1466 3045 Aser
1484 2984 1537 3059 1111)
1564 2988 1790 3046 munitissimam
1821 3007 1920 3045 uorax
1939 2990 2066 3064 stamma
2093 3008 2158 3047 con·

485 3111 618 3187 sumpsit.
660 3105 713 3169 De
734 3102 831 3167 huius
851 3101 1004 3188 preconio
1026 3100 1167 3165 ciuitatis
1189 3101 1281 3163 ruine
1302 3100 1372 3163 eius
1394 3107 1586 3163 attestantur
1608 3101 1761 3185 usquein
1784 3110 1968 3184 presentem
1990 3100 2085 3166 diem.

609 3221 662 3285 De
695 3242 734 3284 ea
760 3241 818 3306 per
852 3240 910 3282 sex
938 3215 1047 3281 leucas
1081 3224 1194 3281 contra
1220 3214 1402 3302 aquilonem
1429 3214 1496 3278 scre
1527 3225 1575 3279 est
1595 3219 1755 3286 Beliaas‘)
1772 3217 1826 3293 111)
1849 3217 1986 3298 ciuitas,
2018 3218 2052 3280 in
2073 3216 2191 3304 pedes

484 3339 604 3404 montis
625 3336 760 3417 Libani,
789 3357 869 3421 que,
893 3334 975 3397 sicut
997 3334 1030 3395 in
1051 3331 1135 3397 libro
1157 3330 1303 3396 Indicum
1312 3336 1338 3404 1)
1354 3331 1408 3407 111)
1431 3329 1564 3412 dicitur,
1593 3332 1698 3417 primo
1721 3335 1795 3394 Lais
1823 3331 2008 3413 dicebatur,
2032 3345 2157 3397 etcum

484 3466 570 3521 esset
591 3452 704 3540 procul
729 3475 748 3516 a
771 3450 901 3531 Sidone,
923 3448 985 3514 hoc
1007 3458 1056 3514 est
1076 3450 1143 3514 fere
1164 3448 1213 3513 XI
1233 3446 1350 3528 leucia,
1380 3456 1412 3511 et
1436 3469 1507 3511 cum
1528 3448 1656 3512 nomine
1678 3448 1851 3535 quicquam
1872 3449 2036 3513 societatis
2058 3447 2155 3513 habe·

484 3584 557 3637 rent
580 3569 724 3634 homines
748 3566 811 3649 illi,
840 3568 912 3645 [sita
933 3567 968 3628 in
988 3567 1120 3651 regione
1141 3563 1243 3643 Roob]
1257 3564 1330 3646 ¹¹⁹),
1357 3573 1513 3649 ceperunt
1534 3585 1604 3627 eam
1626 3562 1684 3627 filii
1708 3563 1786 3627 Dan
1810 3574 1842 3627 et
1862 3575 2063 3629 uocauerunt
2084 3586 2155 3629 eam

484 3694 580 3750 Leaen
603 3690 675 3746 Dan
690 3685 761 3762 ¹²⁰),
789 3683 918 3747 nomine
947 3681 1050 3766 patris
1073 3684 1121 3745 sui
1143 3681 1229 3747 Dan.
1277 3679 1361 3766 Sepe
1382 3690 1489 3743 tamen
1512 3679 1701 3765 simpliciter
1723 3679 1840 3744 dicitnr
1863 3685 1951 3760 Dan,
1979 3679 2155 3745 secundum

549 3853 576 3920 a)
594 3848 749 3919 apponensi
768 3845 808 3900 st.
826 3877 857 3886 -
875 3843 904 3914 b)
921 3846 1065 3915 episcopua
1082 3847 1165 3916 arcpi
1184 3843 1223 3900 st.
1245 3845 1390 3915 episcopm
1409 3843 1548 3897 archanus
1566 3842 1592 3898 h.
1618 3874 1652 3882 -
1675 3844 1702 3913 c)
1719 3851 1817 3897 ceretro
1839 3862 1926 3898 accon
1942 3844 2097 3913 aquilonem
2116 3843 2156 3898 st.

616 3962 649 3971 —
668 3932 695 4001 (1)
715 3948 774 3984 cam
790 3928 894 3982 XXIV
908 3929 1016 3996 rapidus
1032 3927 1072 3983 St.
1091 3958 1124 3968 -
1142 3930 1168 3991 θ)
1188 3929 1268 3982 Iasae
1287 3928 1331 3982 VI
1345 3927 1399 3989 Qui
1416 3926 1456 3982 st.
1476 3957 1509 3966 -
1525 3925 1552 3998 f)
1570 3927 1676 3980 belaum
1695 3925 1735 3982 St.
1753 3957 1786 3966 -
1812 3927 1842 3997 g)
1861 3927 1987 3980 Italicum
2002 3929 2097 3996 primo
2114 3928 2157 3980 ‹ti-

616 4017 688 4070 citur
704 4015 799 4085 primo
817 4012 906 4066 lochis
922 4010 962 4066 St.

548 4159 617 4228 112)
639 4157 727 4211 Mons
742 4149 848 4225 fortis]
870 4149 958 4208 Nunc
979 4150 1101 4222 Kurein,
1122 4150 1217 4211 Kurn,
1261 4130 1308 4208 V..
1342 4148 1447 4228 plexus
1476 4148 1601 4206 Belinas
1642 4169 1694 4228 pro
1722 4151 1857 4207 Balenae·
1881 4149 1986 4208 iniuria
2019 4147 2159 4220 dederim,

482 4252 634 4312 Robinson
661 4251 699 4312 N.
729 4251 763 4311 F.
793 4254 840 4310 84.
887 4246 990 4307 Ritteri
1024 4249 1167 4307 sententia
1199 4247 1299 4307 Kal'at
1341 4267 1430 4327 quum
1453 4245 1639 4306 Barchardus
1659 4248 1723 4327 ipse
1744 4248 1868 4308 fortasse
1882 4250 2011 4306 Beleaas
2032 4247 2159 4307 scribere

482 4353 596 4411 Kurain
629 4350 725 4409 differt
751 4348 790 4407 ab
818 4348 939 4426 antiqua
960 4346 1110 4406 Montsort.
1155 4367 1182 4406 v.
1204 4345 1298 4404 Ritter
1341 4345 1443 4403 solitus
1473 4346 1517 4403 sit.
1558 4345 1615 4404 Est
1641 4355 1740 4407 autem
1768 4349 1890 4426 antiqua
1917 4345 2066 4406 Caesarea
2090 4347 2159 4405 Phi·

480 4450 567 4511 XVI.
592 4453 648 4509 782
671 4456 701 4508 ct
722 4447 852 4508 tabulam
874 4445 1102 4524 geographicam
1125 4454 1203 4503 tomo
1220 4443 1297 4502 XVI
1340 4443 1423 4523 lippi,
1444 4464 1545 4503 recens
1563 4444 1681 4518 Baniias,
1703 4466 1799 4526 qnam,
1820 4456 1853 4504 ut
1872 4446 1935 4504 lieri
1950 4445 2073 4517 solebat,
2094 4465 2159 4504 cum

480 4550 633 4610 adiectam.
1341 4544 1409 4603 Dan
1432 4543 1584 4602 confundit
1604 4544 1799 4606 Burchardus.
1835 4544 1901 4605 Vid.
1920 4544 2074 4604 Robinson
2095 4543 2159 4605 Pal.

546 4652 613 4721 113)
641 4647 749 4721 Toron]
781 4664 882 4704 recens
914 4643 1029 4702 Tibntn
1059 4644 1088 4701 in
1117 4641 1210 4703 Belad
1242 4642 1297 4702 Be·
1340 4643 1396 4702 III.
1421 4647 1489 4703 626.

480 4746 591 4807 schira.
635 4745 672 4804 V.
694 4744 847 4804 Robinson
868 4743 907 4803 N.
927 4743 961 4801 F.
985 4763 1014 4821 p.
1040 4746 1168 4802 73—77.
1204 4741 1298 4800 Ritter
1406 4746 1474 4815 118)
1498 4743 1528 4799 in
1551 4744 1626 4802 libro
1648 4744 1792 4819 Indicum}
1815 4742 1935 4803 XVIII.
1959 4747 2005 4803 29.

479 4844 564 4906 XVI.
590 4848 657 4905 789.
700 4842 888 4902 Robinsonus
915 4841 978 4901 Pal.
1003 4840 1059 4899 Ill.
1084 4843 1142 4900 652
1172 4860 1297 4901 comme·
1405 4843 1474 4913 119)
1496 4842 1554 4899 sita
1576 4843 1607 4899 in
1628 4842 1747 4918 reqioac
1762 4843 1852 4917 Roob]
1875 4841 1976 4902 Verba
1997 4841 2070 4901 hacc
2092 4851 2161 4901 aunt

478 4953 572 5003 morat
593 4962 669 5022 qnae
691 4942 719 5001 h.
742 4941 760 5002 l.
783 4939 854 4999 dicit
877 4938 1069 4998 Burchardus.
1339 4960 1386 5020 ap.
1413 4938 1477 4999 Iud.
1505 4938 1623 4999 XVIII.
1654 4943 1702 5000 28.
1746 4938 1806 5000 Sed
1836 4941 1937 5018 glossa
1963 4948 2077 4999 tautum
2105 4952 2158 5015 sat,

541 5044 612 5114 114)
639 5041 774 5099 &minus
813 5039 981 5097 Tiberiadis
1014 5071 1056 5081 -
1091 5038 1294 5117 edificataerat]
1340 5060 1418 5119 quas
1436 5058 1457 5096 a
1477 5040 1608 5116 margins
1628 5039 1781 5118 irrepsisse
1803 5039 1927 5100 videtur.
1971 5037 2071 5112 Quare
2092 5060 2157 5102 voc.
2237 5018 2241 5025 ¹

478 5141 565 5200 Anno
593 5145 667 5200 1107
689 5139 780 5216 Hugo
803 5159 821 5197 a
843 5137 951 5197 Sancto
973 5135 1144 5196 Andomaro
1166 5136 1297 5196 condidit
1339 5140 1399 5196 sita
1420 5157 1480 5195 non
1502 5140 1678 5198 mutavaus
1701 5140 1731 5197 in
1753 5139 1811 5199 siti.
1849 5138 1968 5196 Belinas
1992 5137 2158 5199 Vandevel·

479 5239 642 5299 Toronum.
685 5238 723 5298 V.
745 5237 898 5297 Robinson
920 5237 985 5296 Pal.
1007 5236 1063 5297 Ill.
1088 5240 1147 5296 648
1170 5256 1212 5315 sq.
1339 5235 1411 5307 dius,
1432 5237 1478 5294 cui
1499 5238 1679 5310 accesserim,
1703 5247 1804 5297 censet
1825 5257 1890 5297 osse
1910 5241 2060 5319 antiquam
2071 5241 2159 5300 Beth-

543 5342 612 5412 115)
635 5337 746 5396 dicitur
767 5337 856 5395 etiam
875 5335 970 5410 Iocus]
993 5335 1049 5395 XI.
1070 5340 1114 5395 13.
1152 5333 1213 5393 Sed
1229 5333 1295 5394 vide
1337 5333 1451 5406 Rshob,
1473 5334 1586 5406 Rshob,
1608 5355 1684 5415 quae
1707 5345 1950 5395 commemoratur
1962 5337 2050 5399 Num.
2066 5338 2156 5398 XIII.

477 5435 609 5495 Italicam
631 5444 759 5495 vetarem
782 5433 928 5494 Sabaterii
948 5434 972 5495 1.
996 5439 1064 5496 414.
1339 5436 1377 5494 22
1396 5436 1467 5505 (non
1490 5436 1549 5508 21),
1571 5434 1636 5495 Iud.
1651 5434 1769 5493 XVIII.
1785 5437 1915 5505 27-29,
1931 5436 1963 5494 11
1978 5434 2058 5495 Sam.
2074 5436 2113 5497 X.
2129 5442 2156 5496 6.

541 5537 610 5608 116)
632 5535 719 5609 Aser]
741 5535 862 5612 antiqua
875 5533 987 5602 Haaor,
1006 5536 1109 5590 recens
1127 5532 1196 5589 Tell
1213 5531 1294 5609 Haje
1405 5538 1473 5603 120)
1496 5535 1591 5591 Lassa
1612 5534 1693 5608 Dua]
1717 5533 1753 5593 V.
1776 5533 1884 5593 Iosuae
1905 5534 1993 5596 XIX.
2018 5542 2065 5596 41.
2103 5534 2157 5591 Er·

477 5632 702 5712 propeBanias.
731 5631 768 5692 V.
789 5652 848 5690 van
871 5629 907 5690 de
924 5630 1020 5691 Valde
1043 5631 1165 5689 memoir
1181 5652 1208 5709 p.
1226 5636 1295 5704 318,
1337 5642 1383 5692 rat
1404 5630 1599 5705 Burchardus,
1621 5652 1710 5711 quum
1730 5632 1809 5703 Dan,
1829 5654 1906 5713 qnae
1927 5644 1957 5694 ct
1976 5635 2046 5693 Lais
2065 5653 2087 5692 ε.
2101 5632 2158 5691 Le·

478 5751 504 5790 v.
526 5731 655 5790 Raumer
675 5730 739 5790 Pal.
762 5752 790 5809 p.
816 5736 882 5790 114.
1339 5752 1392 5792 sen
1415 5733 1483 5790 Dan
1504 5733 1663 5810 antiquitus
1684 5731 1897 5811 appellabatur,
1918 5733 1964 5791 IV
1978 5731 2069 5790 millia
2090 5751 2157 5809 pas·

543 5836 612 5904 117)
634 5830 770 5904 Belinas]
791 5828 913 5900 Vereor,
936 5847 973 5886 ne
996 5836 1096 5885 contra
1120 5827 1228 5887 codicis
1251 5826 1294 5889 St.
1340 5851 1423 5890 snum
1447 5829 1573 5889 abfuerit
1594 5829 1771 5890 aCacsarea
1791 5830 1930 5910 Philippi,
1950 5850 2075 5909 quacum
2098 5850 2158 5889 uon

480 5931 681 5988 auctoritatem
708 5928 860 6005 vulgarem
890 5924 1037 5985 scribendi
1064 5927 1207 5985 rationem
1236 5947 1295 5986 am·
1340 5938 1403 5989 erat
1430 5929 1644 5988 confundenda.
1681 5930 1750 5988 Dan
1772 5950 1850 5988 nunc
1871 5941 1915 5989 est
1936 5929 2002 5988 Tell
2025 5928 2157 5988 elKadi.
