5334 6975
1333 667 1372 729 72

510 848 545 912 in
567 869 631 933 qua
653 868 734 911 crux
757 847 816 910 fuit
838 845 983 921 fixa⁵⁰⁰).
1026 844 1071 908 Et
1099 854 1291 908 ueneranter
1318 843 1457 908 habetur
1479 865 1498 906 a
1519 842 1679 907 fidelibus.
1723 843 1827 924 Quem
1855 847 1958 909 eciam
1979 846 2085 910 locum
2110 869 2188 933 sepe

510 964 588 1029 uidi.
632 964 709 1048 Ipse
736 962 838 1025 eciam
860 960 1010 1026 Christus
1038 960 1155 1023 faciem
1186 961 1284 1023 uertit
1314 969 1428 1025 contra
1456 959 1654 1024 occidentem
1683 960 1828 1046 pendens
1855 964 1888 1026 in
1918 984 2028 1042 cruce,
2056 984 2120 1026 non
2146 960 2190 1025 ed
2246 1011 2249 1020 .

511 1083 667 1146 orientem
676 1085 713 1159 ¹¹),
732 1087 767 1142 ut
788 1075 899 1141 uolunt
920 1075 1061 1162 quidam.
1105 1074 1203 1155 Quod
1224 1085 1314 1162 patet
1336 1099 1379 1140 ex
1400 1098 1454 1157 eo,
1486 1074 1572 1162 quod
1593 1097 1716 1161 uorago
1739 1075 1795 1142 illa
1816 1099 1951 1163 magna,
1974 1076 2014 1141 dc
2035 1099 2099 1163 qua
2121 1077 2188 1140 die·

510 1205 579 1261 tum
601 1205 650 1260 θεῖ
672 1215 781 1279 supra,
804 1215 865 1279 quc
887 1192 947 1256 fuit
969 1190 1011 1256 ab
1033 1190 1200 1257 occidente
1221 1191 1424 1276 professata
1447 1192 1604 1272 ciuitatis,
1626 1201 1696 1255 erat
1716 1204 1803 1257 retro
1826 1214 1964 1275 crucem,
1987 1195 2064 1257 etin
2080 1193 2188 1278 ipsam

509 1313 570 1377 fuit
592 1333 673 1376 crux
693 1310 839 1396 proiecta
859 1318 891 1372 et
912 1306 1116 1393 postmodum
1136 1309 1283 1389 inuenta,
1306 1317 1343 1371 ut
1364 1307 1486 1370 dictum
1507 1317 1556 1370 est
1578 1317 1662 1370 ante.

632 1424 736 1489 Multa
758 1424 876 1488 altaria
898 1434 971 1487 sunt
992 1426 1027 1487 in
1047 1423 1185 1487 ecclesia
1205 1424 1269 1487 ista
1291 1434 1323 1488 et
1344 1422 1496 1486 decenter
1519 1433 1644 1487 ornata.

633 1541 719 1605 Ante
750 1542 868 1605 ostium
901 1538 1100 1605 occidentale
1128 1539 1224 1603 huius
1251 1538 1385 1603 ecclesie
1411 1538 1490 1602 foris
1521 1549 1569 1602 est
1598 1538 1704 1621 loeus,
1736 1538 1791 1602 ubi
1819 1545 1925 1602 Maria
1949 1541 2188 1621 uqypriacawp

510 1681 608 1724 orans
632 1668 706 1721 ante
728 1657 903 1740 imaginem
925 1655 1018 1719 beate
1039 1657 1185 1739 uirginis,
1206 1677 1278 1718 eum
1301 1653 1456 1718 diuinitus
1478 1665 1601 1719 remota
1615 1655 1737 1737 fuisset,
1761 1655 1869 1720 uolens
1882 1657 2005 1721 intrare
2019 1656 2186 1743 templum,

510 1772 762 1840 consolationem
786 1794 844 1858 per
866 1794 1057 1858 responsum
1079 1770 1174 1834 beate
1194 1772 1331 1855 uirginis
1354 1773 1485 1856 recepit.

635 1888 715 1954 Inde
737 1886 944 1975 procedendo
974 1897 1088 1951 contra
1109 1887 1224 1950 turrim
1246 1886 1359 1950 Dauid
1381 1897 1412 1949 et
1434 1897 1573 1952 montem
1596 1885 1673 1950 Sion
1703 1898 1752 1951 est
1772 1885 1879 1970 loeus,
1912 1887 1968 1951 ubi
1989 1886 2031 1952 ab
2053 1887 2186 1952 Herode
2259 1867 2262 1874 Ι

511 2007 663 2092 Agrippa
690 2005 751 2068 fuit
780 2007 880 2066 beatus
901 2009 1029 2065 Iacobus
1056 2003 1298 2079 decollatus-¹¹⁰²).
1340 2001 1469 2066 Deinde
1501 2002 1606 2067 cundo
1635 2003 1670 2066 in
1696 2013 1835 2068 montem
1858 2001 1936 2067 Sion
1964 2005 2109 2090 reperies
2135 2010 2185 2064 do-

511 2146 588 2185 mum
613 2121 809 2201 Gayple⁵⁰³)‚
830 2121 865 2183 in
886 2141 950 2206 qua
971 2119 1063 2183 Iudci
1085 2118 1215 2184 Christo
1236 2117 1421 2198 illuserunt,
1443 2117 1614 2196 stlocum,
1643 2120 1676 2182 in
1699 2141 1762 2206 quo
1784 2121 1889 2204 ipsum
1913 2119 2112 2184 recluserunt
2134 2141 2186 2183 us·

513 2260 574 2325 quc
596 2258 698 2312 mane,
722 2237 776 2322 qui
798 2235 888 2301 locus
911 2259 1017 2298 carcer
1040 2235 1228 2309 Duniui⁵⁰⁴)
1251 2232 1445 2319 appellatur.
1487 2234 1567 2298 Inde
1588 2245 1743 2320 quantum
1762 2236 1866 2300 iactus
1887 2247 1936 2300 est
1957 2233 2088 2321 lapidis,
2113 2257 2186 2299 con-

512 2364 565 2419 tra
588 2363 749 2434 austrum,
779 2361 827 2416 cst
845 2350 950 2426 locus,
977 2352 1010 2414 in
1036 2372 1098 2433 quo
1120 2354 1206 2411 beuta
1227 2348 1368 2427 arariab)
1388 2351 1483 2434 uirgo
1505 2351 1658 2436 migrauit
1670 2353 1727 2428 ⁵⁰⁵)
1749 2361 1780 2414 st
1799 2350 1975 2425 habitauit,
2002 2350 2188 2435 quamdjur)

511 2472 595 2535 uixit
617 2478 689 2555 post
711 2469 933 2532 ascensionem
952 2466 1095 2531 Domini.
1139 2464 1227 2528 Huic
1248 2463 1318 2528 loco
1341 2487 1443 2552 prope
1464 2475 1512 2529 est
1535 2472 1706 2528 cenaculum
1726 2466 1860 2552 grande,
1883 2468 1916 2530 in
1936 2489 1999 2552 quo
2021 2465 2185 2531 Dominus

511 2587 639 2651 cenauit
660 2607 732 2649 cum
755 2582 923 2669 discipulis
934 2584 1013 2664 ⁵⁰⁶),
1036 2580 1144 2667 pedes·
1158 2603 1268 2645 corum
1290 2580 1386 2663 lauit,
1416 2604 1534 2668 corpus
1555 2604 1646 2645 suum
1668 2593 1699 2646 ct
1721 2584 1910 2667 sanguinem
1931 2582 2080 2666 tradidit,
2112 2593 2188 2669 post

510 2701 780 2766 resurrectionem
801 2699 955 2784 apparuit
976 2696 1108 2784 pluries,
1129 2695 1270 2759 lllatlrias
1295 2708 1380 2761 sorte
1402 2697 1522 2762 clectus
1544 2708 1602 2780 est,
1627 2698 1768 2784 Spiritus
1786 2697 1925 2762 Sanctus
1948 2697 2043 2763 datus
2058 2700 2186 2780 θεῖδθῑ),

511 2826 543 2882 θῖ
563 2816 665 2880 multa
686 2814 829 2900 gloriosa
849 2835 950 2900 opera
970 2812 1102 2899 impleta
1124 2822 1205 2877 sunt.

478 2936 493 2986 3
635 2931 679 2995 Et
699 2940 786 3011 nota,
809 2928 895 3015 quod
917 2931 1034 2993 ciuitas
1055 2927 1229 2992 Ierusalem
1253 2929 1315 2992 sita
1337 2938 1385 2991 cst
1407 2930 1441 2992 in
1463 2928 1533 2995 loeo
1557 2927 1691 2993 multum
1714 2930 1875 2993 eminenti.
1909 2930 1952 2994 Et
1973 2929 2014 2995 de
2036 2953 2074 2995 ea
2095 2931 2184 2996 uide·

512 3063 564 3115 tur
590 3060 658 3114 tota
680 3045 804 3110 Arabia
834 3055 864 3109 et
886 3067 977 3109 mons
999 3043 1135 3109 Abarim
1144 3049 1169 3122 d)
1199 3054 1230 3109 ct
1251 3044 1343 3109 Nebo
1372 3055 1404 3109 et
1424 3044 1587 3131 phasgae)
1615 3048 1679 3121 ets)
1703 3044 1859 3131 planicies
1880 3046 2030 3112 Iordanis
2052 3058 2084 3113 ct
2104 3050 2184 3114 Ieri-

512 3166 572 3231 cho
592 3175 624 3229 et
645 3185 734 3228 marc
756 3172 918 3226 mortuum
940 3161 1106 3247 usquead
1128 3160 1258 3224 Petram
1279 3160 1409 3224 deserti.
1452 3162 1520 3226 Nec
1542 3160 1608 3225 uidi
1631 3162 1794 3226 ciuitatem
1816 3160 1866 3225 ucl
1888 3161 2009 3246 locum,
2038 3165 2094 3251 qui
2116 3164 2183 3252 pul·

512 3281 671 3347 chriorem
693 3278 828 3344 haberet
850 3288 1065 3364 prospectum.
1107 3276 1162 3340 Ad
1182 3279 1288 3362 ipsam
1309 3287 1416 3340 autem
1437 3277 1622 3340 ascenditur
1642 3276 1684 3340 ab
1706 3279 1793 3342 omni
1816 3289 1925 3363 porte,
1954 3281 2032 3365 quia
2054 3281 2117 3345 sita
2138 3291 2185 3346 est

511 3399 546 3461 in
567 3397 637 3462 loco
660 3394 781 3476 alcion,
804 3396 859 3481 qui
881 3403 930 3456 est
951 3394 984 3455 in
1006 3391 1180 3476 termille,
1201 3403 1310 3479 preter
1333 3391 1479 3474 Silam),
1503 3416 1564 3478 que
1586 3391 1684 3456 distat
1706 3393 1748 3457 ab
1770 3416 1808 3457 ca
1830 3417 1888 3480 per
1911 3394 1992 3460 duas
2006 3393 2132 3460 leucas.

480 3518 496 3568 1
637 3515 690 3578 Ι)θ
716 3510 938 3595 magnitudine
966 3518 1072 3572 autern
1106 3521 1215 3573 saneto
1244 3511 1385 3573 ciuitatis
1415 3508 1595 3590 sciendum,
1622 3510 1707 3594 quod
1734 3511 1910 3576 seeundum
1941 3512 2185 3599 Iosephum⁵⁰⁹)

512 3630 635 3716 absque
655 3636 762 3691 monte
786 3625 863 3690 Sion
885 3624 1000 3688 habuit
1022 3624 1162 3689 ambitus
1185 3626 1325 3688 ciuitatis
1347 3647 1404 3710 per
1425 3647 1542 3710 gyrum
1559 3625 1708 3689 XXXIII
1728 3626 1845 3690 stridis.
1883 3627 1964 3694 Cum
1984 3630 2056 3714 ipso
2078 3641 2185 3694 autem

512 3756 620 3810 monte
649 3765 759 3807 murus
786 3742 944 3822 exterior,
973 3739 1094 3805 scilieet
1127 3743 1245 3805 tercius
1275 3764 1400 3814 murus,
1428 3727 1603 3804 secundum
1632 3740 1769 3805 eundem
1790 3742 1960 3829 Iosephum
1987 3743 2102 3809 habuit
2123 3744 2185 3813 XC

512 3872 634 3938 turres,
668 3857 804 3944 singulis
827 3856 969 3921 turribus
992 3879 1050 3942 per
1073 3856 1128 3923 OC
1152 3855 1280 3921 cubitus
1303 3855 1516 3936 distantibus,
1545 3855 1605 3920 hoc
1626 3865 1707 3934 cstss)
1731 3879 1790 3944 per
1813 3858 1898 3925 OOC
1920 3859 2039 3946 pedes,
2061 3863 2116 3945 qui
2139 3862 2185 3926 fa·

512 3979 600 4042 ciunt
621 3976 682 4040 LX
704 3996 838 4061 passus,
872 3974 926 4057 qui
948 3972 1077 4036 fuerunt
1099 3975 1183 4036 inter
1205 3983 1327 4036 turrem
1349 3982 1380 4036 et
1402 3984 1533 4036 turrem.
1575 3970 1798 4058 Multiplicatis
1826 3976 1926 4060 igitur
1949 3975 2011 4038 LX
2032 3976 2184 4062 passibus

512 4116 570 4180 per
591 4092 652 4158 XC
672 4101 779 4156 turres
802 4089 938 4154 exibunt
960 4112 1076 4175 passus
1099 4091 1224 4170 540011),
1247 4089 1301 4173 qui
1319 4089 1443 4153 taeiimt
1464 4088 1620 4152 ambitum
1643 4090 1783 4153 ciuitatis
1791 4092 1818 4167 ί).
1863 4090 1943 4157 Cum
1965 4093 2064 4176 igitur
2092 4096 2184 4171 125¹)

511 4231 627 4295 passus
666 4208 790 4272 faciunt
833 4228 929 4270 unum
967 4205 1123 4283 stadium,
1171 4206 1199 4268 si
1234 4204 1383 4269 diuiseris
1398 4208 1416 4279 Ι)
1460 4210 1580 4277 minim)
1617 4228 1675 4291 per
1708 4212 1779 4286 125,
1825 4205 1961 4271 exibunt
1999 4216 2074 4285 40¹¹)
2122 4222 2184 4274 sta·

578 4407 606 4471 a)
624 4403 716 4457 Verba
734 4423 789 4457 nou
810 4406 851 4457 ad
871 4404 1000 4456 ανίανιῖαννι
1018 4420 1070 4456 orn.
1090 4400 1129 4457 St.
1148 4432 1179 4440 —
1205 4401 1234 4471 b)
1254 4402 1352 4455 Maria
1373 4420 1423 4456 om.
1443 4402 1497 4465 St,
1517 4401 1602 4455 habet
1620 4401 1646 4457 h.
1686 4435 1701 4439 -
1731 4410 1757 4470 e)
1775 4404 1825 4455 diu
1843 4402 1883 4457 St
1909 4405 2038 4469 quuarrrdu'u
2055 4403 2082 4459 h.
2101 4434 2130 4444 —
2156 4405 2183 4471 d)

645 4488 769 4539 rlrubum
788 4489 826 4541 st.
862 4485 1046 4542 cf.V11.aa.
1072 4515 1104 4524 -
1129 4489 1155 4550 e)
1173 4484 1287 4553 Piraeea
1304 4502 1357 4542 om.
1377 4484 1415 4539 St.
1443 4518 1472 4525 —
1499 4484 1525 4549 f)
1543 4493 1568 4539 et
1589 4492 1654 4539 ante
1676 4486 1770 4540 vocab.
1785 4486 1924 4556 planicies
1941 4503 1993 4540 om.
2012 4489 2044 4541 St
2055 4486 2081 4542 ll.
2101 4518 2132 4526 -
2156 4490 2185 4559 g)

645 4578 684 4622 αν
701 4587 754 4624 om.
772 4568 821 4638 sc,
839 4569 924 4623 habet
940 4569 966 4623 h.
989 4600 1020 4607 -
1038 4568 1067 4635 1)
1085 4574 1150 4623 raro
1169 4566 1209 4624 st.
1228 4574 1294 4622 ereo
1313 4568 1339 4623 h.
1358 4599 1390 4607 -
1408 4569 1427 4635 i)
1445 4570 1531 4623 α’ναεα
1548 4560 1681 4636 (erutae)
1700 4568 1738 4626 st
1759 4601 1791 4609 -
1811 4570 1839 4642 k)
1860 4575 1889 4624 rr
1905 4588 2004 4639 paam
2023 4572 2062 4626 st.
2081 4579 2183 4625 cuum·

644 4654 745 4721 uiqinti
760 4654 877 4722 qruiuqrue
896 4652 922 4707 h.
940 4684 972 4692 -
991 4652 1010 4717 Ι)
1029 4652 1135 4705 diuersi
1149 4659 1212 4704 suunt
1229 4651 1268 4705 St.
1286 4653 1417 4706 illusseris
1434 4652 1459 4705 h.
1480 4686 1512 4695 -
1531 4657 1568 4719 m)
1586 4659 1649 4708 1400
1662 4671 1716 4723 per
1736 4658 1765 4706 12
1783 4653 1822 4706 St.
1844 4659 1909 4708 5400
1926 4672 1973 4720 per
1993 4659 2039 4708 125
2058 4653 2084 4707 h.
2105 4686 2137 4694 -
2155 4656 2183 4725 u)

646 4740 695 4791 240
712 4737 805 4789 stadia
824 4735 863 4791 St.
882 4742 913 4791 33
930 4736 1024 4790 euntia
1040 4744 1065 4789 et
1079 4754 1179 4805 paretur
1195 4741 1236 4801 25,
1253 4737 1302 4805 qui
1317 4737 1428 4802 farnuut
1446 4738 1560 4806 quinque
1577 4736 1702 4790 irrr'liariu
1720 4745 1746 4790 et
1760 4755 1861 4806 puseus
1878 4738 1968 4792 XXV.
1987 4737 2014 4791 h.

574 4930 645 4997 500)
665 4926 761 4981 Locus
783 4943 908 4981 uero—
926 4942 1002 4981 cruc
1016 4923 1081 4994 s'uit
1092 4923 1167 5000 fixa]
1191 4921 1227 4979 V.
1245 4921 1326 4981 Tob·
1430 4928 1501 4998 505)
1523 4924 1672 5000 eripuerit]
1701 4923 1777 4982 diem
1804 4925 1883 4985 obiit.
1929 4925 1964 4988 V,
1988 4925 2102 4986 'I'obler
2125 4926 2182 4986 To·

512 5023 555 5083 lsr
576 5021 661 5100 Golg.
685 5044 713 5101 p.
737 5027 805 5083 377.
1370 5042 1451 5100 pogr.
1473 5044 1500 5081 v.
1522 5021 1619 5082 Jerus.
1641 5025 1682 5083 II.
1707 5030 1772 5084 104.

575 5127 645 5195 501)
675 5122 781 5179 Maria
809 5121 987 5196 quptiaca]
1028 5120 1064 5181 V.
1096 5119 1208 5179 Tobler
1241 5119 1326 5199 Golg.
1433 5126 1502 5192 500)
1526 5125 1696 5179 cenaculum
1717 5156 1756 5166 -
1778 5124 1941 5198 discipulis]
1966 5123 2094 5184 Arabiae
2116 5124 2184 5183 dici-

512 5241 541 5300 p.
565 5225 623 5281 378
644 5241 708 5299 sqq.
1369 5228 1416 5279 tur
1432 5220 1582 5279 ol·Aseha.
1625 5219 1662 5283 V.
1685 5220 1799 5279 Tobler
1822 5222 1953 5301 'l'opogn
1973 5243 2001 5280 v.
2017 5222 2118 5286 Jerus.
2142 5223 2183 5282 11.

575 5322 646 5385 502)
674 5320 799 5376 Iacobus
833 5318 1004 5392 decollatus]
1042 5317 1128 5377 Nune
1161 5318 1234 5377 Deir
1263 5319 1328 5377 Mar
1370 5324 1418 5379 90.
1447 5325 1509 5379 105.

513 5415 617 5476 [akob.
660 5417 706 5476 Ile
729 5417 784 5475 hoc
807 5426 905 5476 nostro
928 5417 992 5475 loco
1015 5438 1042 5476 v.
1063 5416 1175 5475 Tobler
1196 5416 1328 5497 Topogr.
1431 5421 1502 5490 507)
1525 5418 1656 5494 §pinitus
1679 5418 1806 5476 Sanctus
1828 5421 1916 5477 datur
1938 5420 1989 5495 eet]
2013 5418 2049 5480 V.
2072 5419 2183 5480 Tobler

510 5517 535 5577 Ι.
557 5520 626 5577 350.
1371 5515 1449 5596 'l'op
1471 5539 1498 5575 v.
1519 5518 1618 5578 dorus.
1642 5519 1681 5576 II.
1707 5524 1771 5577 100.

575 5618 647 5687 503)
669 5616 782 5672 doarium
808 5615 936 5690 Cuppae]
960 5611 996 5673 V.
1015 5612 1128 5673 'l'obler
1146 5612 1278 5692 'I'opogr
1299 5635 1326 5675 v.
1433 5620 1503 5689 508)
1531 5616 1601 5692 Silo]
1632 5616 1694 5676 Silo
1722 5619 1842 5698 antiqua
1871 5630 1916 5677 est
1943 5639 2044 5679 recens
2074 5618 2182 5691 Seilim,

512 5713 614 5773 Jerus.
635 5713 675 5771 Π.
702 5718 757 5771 150
780 5733 841 5791 sqq.
1370 5713 1422 5773 ssd
1444 5714 1630 5774 Burclrardus
1652 5715 1721 5774 dicit
1742 5716 1819 5775 Nobi
1842 5716 1970 5779 Samwil.
2019 5717 2055 5780 V.
2077 5718 2182 5779 Robin-

576 5814 646 5883 504)
669 5832 775 5869 carcer
796 5812 926 5887 Domini]
957 5811 1041 5870 Habs
1069 5810 1246 5870 el-Messieh.
1289 5812 1326 5871 V.
1369 5832 1423 5871 son
1446 5813 1508 5872 Pal.
1533 5815 1587 5874 III.
1610 5820 1677 5874 307.

514 5909 1011 5989 Tobler'I'opog1·.v.Jerus.II.
1038 5916 1092 5971 159
1116 5921 1145 5968 ct
1168 5915 1233 5969 163.
1433 5916 1503 5981 509)
1526 5913 1689 5989 Inceptum}
1714 5913 1746 5971 B.
1768 5912 1798 5973 J.
1822 5913 1858 5970 V.
1883 5923 1909 5983 4,
1932 5922 1958 5976 3,
