5334 6975
1323 657 1363 718 76

503 839 730 906 intermediam
762 846 965 922 separantur.
1008 835 1137 899 Dicitur
1167 847 1273 897 autem
1294 855 1387 897 mons
1410 833 1614 917 offensionis,
1642 836 1718 922 quia
1740 833 1893 901 Salomon
1913 838 1947 900 in
1968 859 2005 902 eo
2025 834 2182 924 templum

503 956 633 1023 Moloch
654 964 807 1042 posuerat
830 974 847 1015 c
869 952 1002 1036 regione
1023 950 1146 1038 templi,
1167 950 1344 1014 Dominum
1367 949 1584 1034 prouocando.

629 1069 746 1135 Subter
768 1090 840 1131 eum
863 1068 967 1131 eciam
988 1079 1101 1131 contra
1123 1076 1267 1130 austrum
1290 1075 1340 1129 est
1361 1063 1450 1129 locus
1475 1071 1586 1143 Toplret
1609 1066 1678 1130 siue
1699 1065 1888 1133 Gehennon.

628 1188 714 1250 lnter
740 1186 897 1249 orientem
927 1205 1005 1247 nero
1034 1189 1097 1258 om)
1120 1193 1265 1246 anstrum
1285 1191 1435 1265 respectu
1459 1182 1600 1245 ciuitatis
1622 1183 1703 1246 situs
1725 1192 1774 1246 est
1794 1205 1874 1268 ager
1893 1177 2121 1261 Acheldemach,
2150 1193 2183 1248 et

504 1326 595 1369 mons
619 1302 759 1387 desuper
778 1299 874 1364 rralde
896 1298 996 1380 altus,
1020 1301 1074 1385 qui
1094 1297 1207 1362 eodem
1229 1298 1358 1361 nomine
1380 1295 1580 1383 appellatur,
1602 1311 1634 1361 et
1654 1298 1722 1361 fere
1743 1309 1830 1363 tenet
1850 1311 1951 1365 totam
1972 1310 2099 1387 partem
2125 1322 2181 1367 an·

504 1421 561 1486 stri
587 1431 699 1483 contra
723 1418 895 1481 ciuitatem.

626 1535 684 1600 Isti
721 1532 762 1597 ab
791 1531 956 1596 occidente
990 1528 1125 1593 adheret
1152 1553 1226 1609 aper
1249 1534 1381 1607 stelionis
1395 1530 1452 1604 531)
1481 1539 1512 1593 et
1538 1550 1629 1593 mons
1659 1527 1797 1615 desuper
1825 1529 1968 1595 eiusdem
1990 1531 2182 1615 altitudinis,

504 1654 594 1718 cuius
617 1666 665 1715 cst
689 1652 783 1736 prior.

628 1767 714 1830 Huic
744 1787 820 1850 ergo
850 1786 929 1848 agro
950 1761 1080 1827 tullonis
1108 1761 1242 1825 adheret
1270 1785 1351 1822 oreae
1375 1762 1521 1836 Gion⁵⁴⁰l
1550 1759 1592 1825 ab
1618 1760 1810 1826 occidentali
1831 1775 1924 1849 parte
1946 1766 2105 1848 ciuitatis,
2136 1767 2183 1830 ita

503 1901 623 1965 tamen,
646 1895 680 1945 ut
702 1884 770 1962 uia,
805 1902 865 1964 que
888 1877 1034 1965 precedit
1056 1877 1095 1941 dc
1117 1888 1212 1963 porta
1235 1875 1357 1957 Dauid,
1381 1887 1525 1941 transeat
1545 1879 1628 1942 inter
1650 1901 1715 1942 eos.
1757 1878 1822 1943 Iste
1844 1902 1937 1944 mons
1956 1879 2042 1945 Gion
2063 1880 2106 1945 ab
2128 1902 2182 1947 oc·

505 1999 631 2064 cidente
652 1999 867 2083 supereminet
888 1997 1028 2076 ciuitati,
1057 1992 1114 2057 sed
1137 1992 1294 2079 paulatim
1316 1990 1442 2074 deficit,
1468 1995 1514 2058 ita
1543 2004 1578 2057 nt
1607 2006 1719 2059 contra
1740 2006 1866 2080 portam
1889 2006 2031 2060 ueterem
2052 2020 2118 2062 non
2140 1999 2183 2061 sit

505 2115 638 2179 multum
662 2114 754 2178 altus.

632 2230 767 2306 Ter-rar)
799 2241 907 2292 tamen
939 2239 1103 2290 tumorosa
1130 2238 1178 2289 est
1209 2224 1249 2288 dc
1280 2236 1387 2289 cetero
1409 2236 1521 2289 contra
1542 2226 1740 2290 occidentem
1760 2237 1791 2290 et
1811 2227 1994 2313 aquilonem
2015 2250 2119 2314 usque
2141 2227 2184 2293 ad

507 2352 675 2425 sepulcrum
688 2350 803 2406 Helene
814 2346 882 2424 ⁵⁴¹),
902 2342 988 2430 quod
1011 2356 1059 2406 est
1074 2351 1187 2404 contra
1204 2351 1332 2426 portam
1350 2339 1520 2404 Beniamin
1536 2363 1632 2427 super
1646 2352 1819 2407 torrentem
1836 2342 1965 2409 Cedron
1981 2342 2184 2409 collocatum.

630 2460 921 2524 Ultra'torrentem
942 2481 1020 2522 uero
1043 2456 1173 2523 Cedron
1193 2458 1226 2520 in
1248 2455 1349 2520 latere
1372 2455 1553 2542 aquilonari
1574 2460 1691 2523 montis
1713 2457 1821 2522 olineti
1844 2470 1892 2522 cst
1912 2482 2004 2524 mons
2028 2459 2183 2536 alius⁵⁴⁷)

506 2577 653 2642 similiter
673 2576 807 2639 multrun
829 2575 924 2655 altus,
946 2574 992 2637 lV
1015 2571 1128 2637 stadiis
1151 2572 1276 2636 distans
1299 2571 1341 2635 ab
1366 2571 1552 2654 Ierusalem,
1574 2572 1629 2637 ubi
1647 2572 1800 2638 Salomon
1819 2574 1970 2655 Chamos,
1991 2574 2079 2639 idolo
2092 2574 2184 2639 Moa-

506 2692 658 2773 bitarum,
681 2691 835 2778 templum
858 2691 1047 2771 construxit,
1070 2688 1126 2753 ubi
1147 2699 1261 2775 postea
1283 2698 1427 2774 tempore
1442 2687 1694 2753 llaehabeorum
1716 2700 1748 2754 et
1762 2690 1981 2754 Romanorum
1998 2690 2183 2755 edificatum

506 2809 566 2873 fuit
587 2819 739 2888 castrum,
762 2807 852 2870 cuius
875 2805 996 2869 indicia
1018 2803 1125 2868 adhuc
1153 2805 1200 2869 ibi
1222 2819 1303 2878 sum,
1326 2803 1410 2866 unde
1423 2803 1636 2868 lerosolimite
1649 2806 1778 2869 fuerunt
1792 2805 2013 2892 multipliciter
2029 2806 2184 2871 infestati.

631 2924 690 2987 Isti
712 2937 837 2987 montes
859 2944 968 2985 omnes
992 2933 1065 2985 sunt
1088 2943 1191 3007 prope
1213 2923 1320 2985 menia
1340 2922 1492 3003 ciuitatis,
1515 2944 1579 2985 non
1604 2935 1712 2986 tamen
1732 2924 1777 2985 ita
1796 2945 1909 3008 prope,
1931 2931 1966 2986 ut
1983 2921 2060 2986 inde
2079 2924 2185 3010 possit

508 3042 624 3105 ciuitas
647 3041 867 3104 instrumentis
888 3036 1049 3123 aliquibus
1072 3036 1123 3101 uel
1147 3039 1285 3122 ingeniis
1307 3038 1501 3123 impugnari.

633 3155 678 3219 Et
703 3156 763 3219 hec
793 3154 832 3218 de
861 3158 924 3218 situ
945 3156 1086 3220 ciuitatis
1111 3165 1143 3218 ct
1164 3155 1268 3240 portis
1290 3163 1323 3216 et
1344 3155 1506 3218 montibus
1528 3156 1616 3218 circa
1638 3155 1745 3239 ipsam
1768 3153 1855 3218 dieta
1878 3154 2046 3218 sufficiant
2090 3154 2183 3220 (lete-

507 3296 577 3337 rum
601 3270 642 3336 ad
664 3271 914 3357 descriptionem
939 3275 1041 3356 partis
1063 3285 1158 3353 terre,
1182 3291 1243 3356 que
1265 3268 1370 3333 adhuc
1390 3280 1499 3351 restat,
1522 3270 1700 3334 redeamus.

477 3601 487 3650 t
637 3586 695 3649 lx.
739 3585 791 3649 De
813 3585 990 3650 Ierusalem
1019 3586 1120 3669 igitur
1148 3583 1353 3669 procedendo
1375 3586 1408 3649 ll
1434 3583 1534 3649 leucis
1555 3600 1667 3649 contra
1691 3585 1861 3671 angulum,
1884 3589 1947 3675 qui.
1962 3601 2010 3652 est
2028 3591 2113 3653 inter
2135 3611 2186 3653 oc·

511 3702 672 3767 cidentem
697 3715 727 3765 et
752 3701 1019 3787 septentrionem,
1053 3709 1205 3763 estmorae
1227 3701 1373 3781 Siloi’llj»,
1402 3702 1455 3786 qui
1476 3723 1562 3764 nunc
1583 3708 1625 3762 od
1644 3715 1777 3764 sanctum
1799 3707 1961 3787 Samuelem
1984 3703 2120 3786 dicitur,
2143 3702 2187 3769 el·

511 3823 579 3886 cior
608 3820 717 3904 utique
746 3815 894 3881 omnibns
916 3815 1094 3898 montibus,
1122 3819 1176 3902 qni
1206 3830 1278 3878 sunt
1307 3816 1341 3879 in
1364 3831 1449 3880 terra
1472 3829 1599 3898 saneta,
1633 3831 1786 3904 qnantum
1818 3820 1859 3884 ad
1892 3822 2002 3901 situm3
2037 3820 2188 3886 omnibns

513 3938 601 4001 enim
625 3935 850 4020 supereminet.
893 3931 937 3994 Et
957 3931 1057 3995 distat
1078 3956 1097 3996 a
1122 3936 1230 3995 Galea
1253 3936 1425 4008 nauem-¹⁴)
1456 3956 1513 4018 per
1535 3956 1631 3996 unam
1654 3932 1776 3997 leucam
1798 3947 1829 3998 ct
1850 3935 1932 4021 plus.
1974 3936 2013 4000 ln
2034 3936 2095 4000 hoc
2118 3935 2189 4001 loco

513 4055 574 4118 tuit
597 4051 698 4117 archa
712 4050 847 4114 Domini
868 4048 963 4133 longo
985 4061 1130 4134 ternpore
1154 4060 1184 4112 et
1202 4048 1445 4112 tabernaeulum
1468 4048 1596 4130 federis,
1619 4050 1704 4136 quod
1723 4051 1843 4115 fecerat
1856 4051 1988 4137 Moyses
2003 4053 2036 4115 in
2049 4052 2189 4118 deserto.

477 4174 492 4224 2
633 4168 686 4232 De
708 4169 772 4231 ista
794 4165 836 4228 ad
859 4164 981 4228 leucam
1005 4187 1141 4250 paruam
1162 4176 1211 4228 est
1229 4168 1355 4227 Gabaon
1368 4167 1434 4245 ⁵⁴³¹),
1459 4167 1573 4229 ciuitas
1589 4166 1769 4247 Beniamin,
1794 4168 1855 4231 sita
1876 4170 1910 4231 in
1933 4166 2044 4232 eodem
2067 4179 2186 4249 monte,

511 4285 596 4349 unde
627 4298 657 4347 et
686 4282 731 4346 ibi
761 4280 879 4345 dieitur
907 4283 1006 4344 luisse
1037 4279 1198 4343 excelsiori
1228 4283 1483 4355 1naxiruunr⁵⁴le
1527 4282 1623 4344 Istius
1653 4284 1793 4346 einitntis
1823 4283 1926 4347 incole
1954 4285 2111 4347 miserunt
2144 4282 2186 4348 ad

508 4401 603 4465 losue
626 4400 760 4461 nuncios
781 4399 814 4460 in
832 4395 1011 4481 Galgale‘),
1033 4394 1253 4460 fraudulenter
1275 4399 1428 4461 l'aeientes
1452 4420 1523 4461 cum
1547 4421 1583 4462 eo
1606 4420 1729 4483 pacem,
1754 4400 1846 4484 quasi
1868 4410 1976 4463 essent
1997 4399 2030 4462 in
2054 4401 2188 4463 remotis

508 4513 656 4602 partibus
677 4514 850 4578 constituti.

577 4682 604 4748 a)
623 4685 648 4731 ct
665 4694 716 4729 om.
736 4680 785 4759 St,
804 4676 887 4731 habet
904 4676 929 4728 h.
952 4709 981 4715 --
1000 4676 1029 4746 b)
1050 4677 1145 4728 Tereia
1165 4679 1206 4729 St.
1225 4683 1300 4728 terra
1317 4676 1350 4729 ed
1380 4676 1447 4730 Ven.
1469 4708 1498 4716 —
1519 4680 1539 4731 c'
1563 4680 1661 4747 popule
1679 4680 1717 4731 St.

572 4839 641 4905 539)
673 4852 746 4909 aper
766 4832 905 4906 sellonis]
946 4836 1043 4903 Quem
1070 4831 1107 4889 ab
1136 4831 1325 4889 Hakeldarnu
1369 4830 1502 4903 Samuel,
1531 4847 1561 4891 ut
1586 4835 1655 4892 dicit
1682 4834 1876 4895 Burelrardus.
1920 4834 1955 4895 V.
1984 4834 2098 4893 'l'obler
2125 4834 2186 4893 To·

508 4955 568 4993 non
584 4933 697 4991 differre
721 4941 819 4990 censet
837 4928 992 4988 Toblerus.
1016 4928 1053 4987 V.
1069 4929 1181 4989 'l'obler
1195 4930 1325 5007 'l'opogu
1368 4952 1448 5009 pogr,
1471 4955 1499 4990 v.
1518 4934 1617 4992 Jews,
1640 4934 1680 4993 11,
1704 4938 1874 4994 fen-857,

508 5056 535 5095 v.
549 5032 611 5092 Jer.
627 5033 667 5090 ll.
684 5036 739 5091 261
765 5039 823 5089 not.
839 5034 865 5088 2.
900 5027 945 5085 Cf.
961 5028 1112 5086 Robinson
1127 5028 1190 5088 l'al.
1203 5029 1242 5087 ll.
1260 5035 1324 5089 178.
1431 5038 1502 5105 544)
1528 5033 1636 5090 Graeca
1654 5032 1763 5106 Saulis]
1789 5032 1884 5091 Gibea
1899 5033 2061 5104 Beniamin,
2083 5052 2185 5092 recena

571 5138 641 5192 5411)
661 5152 742 5187 ruens
767 5128 854 5202 Oion]
884 5128 998 5184 Nomen
1029 5126 1084 5184 hoc
1107 5127 1215 5202 primns
1238 5126 1326 5185 habet
1367 5130 1585 5191 cd-Dsclrcbnlr.
1621 5131 1654 5190 l'.
1679 5132 1791 5190 Tobler
1814 5138 1841 5190 3.
1863 5129 2057 5209 Wanderung
2078 5154 2106 5213 p.
2128 5139 2182 5194 157

508 5231 693 5290 Burclrardus
716 5240 834 5286 anctore
856 5226 976 5285 llobins.
1019 5225 1083 5283 Pal.
1105 5226 1143 5283 ll.
1168 5228 1215 5284 25.
1368 5251 1410 5308 sq.
1455 5229 1691 5300 Vaudeveldiua,
1714 5233 1763 5310 qui
1785 5230 1910 5289 Gibeam
1935 5250 2000 5288 cnm
2022 5230 2124 5291 Tuleil
2146 5232 2185 5291 el·

573 5336 643 5403 541)
673 5330 839 5404 seprrlcruru
869 5324 1011 5398 Helenae]
1052 5324 1088 5383 V.
1121 5324 1233 5382 Tobler
1264 5325 1324 5383 '1¹0—
1368 5329 1422 5385 l'r'r!
1456 5330 1620 5408 componit,
1650 5349 1745 5387 errare
1771 5329 1900 5404 videtur,
1926 5349 2038 5408 nosque
2061 5351 2128 5389 curn
2150 5349 2184 5390 eo

508 5452 591 5511 pogr.
614 5450 642 5487 v.
663 5427 762 5486 «Jeme.
785 5427 825 5486 ll.
849 5428 1022 5484 aee-301.
1046 5428 1114 5483 303.
1367 5440 1436 5486 notu
1461 5434 1528 5488 371,

573 5532 644 5600 542)
666 5536 692 5584 et
716 5546 796 5582 urens
818 5524 904 5598 relicta}
936 5542 1037 5581 recens
1054 5522 1324 5593 Karoia-es-Seir'rd,
1430 5532 1501 5597 545)
1523 5528 1656 5603 Gabaon]
1680 5528 1923 5595 Gibeon,rceens
1943 5526 2120 5589 cd·Dschlb.
2149 5527 2183 5588 V.

509 5629 573 5687 Viri
595 5626 729 5687 Galilaei.
774 5623 809 5681 V.
839 5622 952 5680 'l‘obler
981 5622 1037 5679 llic
1065 5620 1266 5701 Sileruquuelle
1295 5644 1321 5684 u.
1367 5625 1480 5684 'l'obler
1504 5625 1634 5704 'l'opogr
1667 5649 1692 5687 v.
1714 5627 1813 5686 dorne.
1833 5628 1873 5685 ll.
1896 5633 1953 5686 545
1978 5646 2022 5706 sq.
2067 5627 2104 5688 V.
2127 5648 2184 5687 ran

509 5727 561 5785 der
583 5726 713 5801 llellrerg
735 5745 763 5802 p,
791 5727 920 5789 72-77,
942 5720 1080 5797 imprimis
1103 5741 1131 5798 p.
1154 5727 1198 5781 74.
1368 5725 1404 5783 de
1425 5723 1521 5782 Velde
1545 5726 1631 5783 llem.
1655 5730 1712 5785 315
1734 5747 1776 5805 sq.
1814 5747 1839 5785 v.
1862 5724 1990 5784 llaumer
2009 5746 2039 5803 p.
2065 5730 2133 5786 178.

574 5832 644 5895 543)
668 5843 748 5881 nsons
770 5820 842 5895 Silo]
877 5818 930 5877 Est
952 5822 1071 5898 antiqua
1091 5820 1208 5898 lliapa.
1241 5844 1326 5881 ruens
1433 5830 1503 5895 5411)
1526 5827 1668 5881 arcelaum
1683 5825 1849 5899 naeinam]
1872 5825 1988 5881 Nomen
2002 5825 2112 5882 excelsi
2125 5824 2183 5885 nl.

511 5923 628 5993 Gaudii,
657 5922 774 5980 arabice
797 5919 924 5979 err-Nebi
941 5917 1073 5988 Sarnwil,
1094 5920 1111 5981 i,
1134 5941 1159 5978 e.
1183 5922 1325 6000 propheta
1369 5945 1420 6001 pro
1444 5922 1625 5980 srrbstantivo
1649 5925 1774 6000 positum
1797 5934 1849 5982 est,
