5334 6975
1344 683 1381 747 78

528 862 568 927 de
589 862 678 926 tribu
699 862 878 942 Beniamin,
901 861 1020 947 partim
1042 859 1082 924 de
1103 859 1191 924 tribu
1211 859 1359 946 Effraym
1384 871 1472 941 erat,
1497 861 1561 925 sita
1581 871 1688 924 tamen
1710 861 1744 923 in
1766 867 1873 924 monte
1894 858 2051 942 Effraym
2092 857 2201 921 Plani·

527 980 592 1043 cies
613 980 698 1041 enirn
718 976 774 1040 illa
796 979 842 1040 sic
865 974 1064 1062 appellatur,
1091 975 1167 1040 lieet
1190 999 1283 1040 mons
1300 998 1365 1040 non
1385 979 1441 1057 sit,
1476 976 1534 1041 sed
1555 997 1699 1062 campus.
1741 975 1840 1039 Dicta
1860 975 2128 1049 miserrimarum,
2160 972 2203 1038 de

527 1117 591 1181 qua
612 1094 746 1180 Ioseph,
773 1091 890 1156 nobilis
913 1091 1058 1172 decurio,
1087 1094 1141 1176 qui
1170 1091 1299 1178 sepliuit
1319 1092 1507 1156 Dominum.
1550 1090 1679 1156 Samuel
1709 1090 1868 1177 propheta
1893 1099 1963 1153 erat
1991 1088 2032 1153 de
2054 1088 2202 1167 eadem⁸)

527 1209 681 1274 oriundus
704 1220 735 1273 et
756 1210 848 1271 inea
871 1207 1023 1294 sepultus.
1066 1208 1174 1273 Hodie
1196 1209 1315 1272 dieitur
1337 1209 1546 1278 Remula⁵⁵⁷t

494 1329 509 1379 8
650 1325 702 1389 De
724 1322 862 1388 Ramula
891 1323 994 1388 tribus
1024 1325 1124 1389 leucis
1152 1335 1265 1389 eontra
1292 1323 1493 1388 occidentem
1525 1335 1573 1387 est
1594 1328 1687 1401 Ioppe
1708 1324 1839 1403 ciuitas,
1866 1321 1922 1385 ubi
1944 1321 2040 1386 Ionas
2066 1321 2203 1384 intrauit

526 1464 654 1523 nauem,
675 1441 787 1506 uolens
808 1442 920 1525 fugere
943 1461 963 1503 a
983 1442 1066 1505 faeie
1086 1441 1219 1504 Domini
1240 1443 1274 1504 in
1296 1439 1443 1516 Tharsis,
1466 1439 1526 1504 hoe
1548 1450 1596 1503 est
1621 1439 1663 1503 ad
1685 1438 1807 1502 insulas
1829 1438 1937 1502 maris.

493 1566 509 1615 9
653 1557 722 1622 Sub
746 1578 785 1620 ea
806 1567 855 1620 est
875 1560 1027 1633 lamniab)
1040 1560 1111 1638 555),
1134 1569 1247 1641 portus
1270 1556 1353 1619 alius
1374 1554 1487 1637 Iudee,
1517 1555 1560 1619 ad
1580 1557 1612 1620 ll
1633 1555 1742 1620 leucas
1765 1565 1877 1619 contra
1898 1563 2052 1617 austrum.
2095 1550 2203 1632 Quem

528 1683 657 1761 portum
680 1677 766 1758 cepit
785 1672 885 1737 Iudas
905 1671 1104 1736 Machabeus
1125 1683 1156 1736 et
1178 1672 1351 1736 succendit.

478 1804 509 1855 10
652 1789 705 1852 De
724 1788 900 1852 Ierusalem
919 1789 951 1852 Π
971 1788 1070 1853 leucis
1093 1800 1207 1853 eontra
1228 1799 1372 1852 austrum
1394 1789 1455 1854 sita
1478 1800 1527 1852 est
1540 1794 1707 1850 Bethlehem
1717 1789 1785 1867 ⁵⁵⁹),
1806 1788 1920 1850 ciuitas
1935 1783 1991 1848 illa
2005 1785 2074 1847 ueri
2088 1782 2203 1847 Dauid

528 1910 632 1981 ortus)
654 1906 807 1988 insignis,
835 1907 869 1967 in
891 1906 1023 1968 sinistra
1044 1914 1137 1989 parte
1158 1905 1224 1985 uie,
1255 1927 1315 1990 que
1338 1904 1426 1967 ducit
1447 1904 1569 1985 Ebron,
1591 1916 1683 1967 extra
1706 1905 1794 1967 uiam
1815 1913 1922 1966 tamen
1943 1900 2129 1965 adiectum
2151 1921 2202 1963 ar·

528 2042 586 2084 eus
609 2022 712 2085 unius.
758 2019 851 2083 Prius
870 2031 978 2083 tamen
1000 2022 1141 2083 occurrit
1161 2027 1329 2100 sepulcrum
1350 2026 1467 2082 Rachel
1476 2023 1543 2103 555),
1566 2020 1608 2084 ad
1630 2020 1796 2100 dextram,
1823 2020 1916 2082 iuxta
1937 2018 2034 2081 uiam.
2078 2017 2203 2083 Contra

528 2157 606 2200 uere
628 2133 816 2199 Bethlehem
838 2144 886 2199 est
909 2139 1005 2196 turris
1027 2140 1109 2195 Ader
1122 2137 1178 2213 ⁵⁰¹)
1201 2139 1269 2200 siue
1288 2140 1403 2216 prepis,
1431 2135 1486 2199 ubi
1507 2136 1606 2200 Iacob
1630 2135 1747 2199 dicitur
1770 2133 1934 2220 aliquanto
1958 2143 2105 2219 tempore
2128 2144 2203 2218 post

528 2261 665 2314 mortem
687 2249 837 2314 Rachelis
867 2252 1025 2314 mansisse
1056 2261 1088 2314 et
1116 2274 1235 2336 pecora
1263 2275 1321 2315 sua
1350 2253 1490 2336 pauisse.
1532 2252 1657 2317 ibidem
1685 2254 1786 2315 eciam
1815 2260 1961 2337 pastores
1984 2248 2202 2313 custodientes

528 2366 691 2452 uigiliasd)
713 2368 817 2430 noetis
838 2389 936 2452 super
958 2390 1090 2452 gregem
1113 2390 1204 2431 suum
1227 2368 1260 2429 in
1283 2366 1363 2430 hora
1384 2369 1562 2432 natiuitatis
1585 2368 1706 2434 Christi
1729 2370 1880 2432 uiderunt
1901 2376 1932 2431 et
1953 2366 2125 2430 audierunt
2147 2386 2203 2428 an-

527 2482 618 2567 gelos
641 2493 808 2546 cantantes
832 2482 969 2564 „Gloria
989 2486 1023 2547 in
1045 2483 1213 2547 excelsis.“
1257 2481 1321 2561 Qui
1344 2484 1447 2546 eciam
1468 2486 1703 2547 nunciauerunt
1723 2495 1833 2547 natum
1856 2481 2068 2547 Saluatorem.

651 2599 839 2662 Bethlehem
861 2621 938 2663 uero
962 2601 1024 2662 sita
1046 2600 1150 2661 estin
1172 2609 1281 2662 monte
1304 2609 1522 2684 competenter
1545 2599 1620 2681 ulto,
1642 2599 1698 2663 sed
1719 2610 1799 2681 arto,
1821 2600 1876 2685 qui
1898 2597 1939 2662 ab
1961 2599 2083 2663 oriente
2103 2597 2138 2660 iu
2151 2617 2203 2661 oc·

528 2715 688 2780 sidentem
712 2737 746 2778 se
767 2713 922 2778 extendit.
957 2714 1009 2778 Ab
1031 2714 1197 2778 occidente
1221 2714 1318 2778 habet
1339 2716 1515 2797 introitum,
1537 2727 1568 2779 et
1589 2715 1634 2778 ibi
1657 2726 1706 2779 est
1725 2717 1865 2780 cisterna
1886 2716 1979 2778 iuxta
2000 2723 2139 2799 portam,
2163 2711 2203 2777 de

528 2854 592 2918 qua
614 2830 726 2896 Dauid
737 2831 793 2906 ⁵⁶²)
817 2829 1014 2893 desiderauit
1036 2829 1157 2911 bibere,
1181 2853 1252 2893 cum
1274 2840 1359 2894 esset
1380 2832 1411 2894 in
1436 2831 1588 2917 presidio.

656 2948 693 3011 ln
718 2946 781 3009 fine
809 2968 886 3009 uero
908 2945 1055 3009 orientali
1068 2948 1123 3021 555)
1148 2948 1289 3010 ciuitatis
1313 2947 1455 3011 eiusdem
1478 2947 1538 3011 sub
1560 2970 1655 3033 rupe,
1690 2970 1752 3033 que
1772 2957 1841 3011 erat
1863 2948 1954 3009 iuxta
1977 2967 2103 3009 murum
2126 2945 2203 3007 ciui-

528 3066 605 3128 tatis
634 3073 664 3127 et
694 3062 868 3126 secundum
898 3084 1021 3127 morem
1052 3074 1138 3126 terre
1164 3062 1250 3127 illius
1278 3063 1406 3127 uidetur
1437 3065 1537 3129 fuisse
1557 3064 1647 3129 locus
1670 3086 1729 3148 pro
1751 3063 1892 3136 stabulo,
1919 3062 2043 3126 habens
2066 3081 2204 3147 presepe

529 3182 674 3243 excisum
697 3177 737 3242 de
759 3189 870 3264 petra,
899 3190 934 3241 ut
953 3180 1052 3243 moris
1077 3190 1125 3244 est
1144 3179 1253 3244 facere
1273 3182 1438 3266 presepia,
1468 3190 1556 3243 ortus
1585 3193 1633 3244 est
1652 3180 1728 3243 huic
1748 3179 1868 3243 mundo
1891 3178 1930 3242 dc
1952 3179 2079 3262 uirgine
2100 3187 2204 3240 matre

529 3295 576 3360 sol
597 3296 738 3376 iusticie,
768 3293 917 3359 Christus
938 3295 1045 3374 Iesus,
1070 3296 1242 3359 ostendens
1265 3318 1299 3359 se
1322 3319 1381 3359 sua
1401 3298 1569 3359 natiuitate
1592 3296 1704 3360 sordes
1725 3307 1756 3358 et
1777 3293 1927 3359 tenebras
1949 3294 2059 3358 mundi
2079 3291 2205 3357 ablatu-

528 3433 609 3492 rum,
631 3434 669 3475 ee
691 3409 778 3496 quod
800 3409 951 3475 sordibus
972 3413 1062 3474 nasci
1086 3422 1117 3474 et
1137 3414 1214 3475 oriri
1237 3411 1339 3476 uoluit
1360 3412 1432 3476 talis
1453 3412 1524 3475 loci.

651 3528 747 3592 quta
770 3549 847 3591 uero
870 3527 1051 3612 predictam
1074 3551 1187 3615 rupem
1210 3542 1260 3592 est
1282 3529 1346 3593 elia
1369 3530 1532 3614 capacior,
1553 3529 1599 3592 IV
1618 3541 1727 3592 tamen
1749 3527 1886 3614 pedibus
1910 3527 2044 3608 distans,
2065 3527 2125 3591 sub
2141 3548 2205 3611 qua

528 3653 599 3708 erat
626 3665 782 3728 presepe,
816 3644 850 3706 in
884 3665 946 3728 quo
977 3642 1081 3706 dulcis
1114 3666 1195 3729 puer
1216 3642 1269 3706 ille
1292 3667 1369 3708 mox
1390 3655 1484 3708 natus
1508 3667 1615 3709 eoram
1642 3644 1723 3709 boue
1746 3655 1777 3708 et
1798 3646 1889 3709 asino
1914 3643 2078 3708 inuolutus
2100 3644 2207 3708 fuerat

528 3757 714 3822 reclinatus.
751 3757 889 3823 Uidetnr
910 3769 1017 3822 tamen
1040 3758 1118 3823 mihi
1141 3783 1199 3845 pro
1225 3771 1311 3824 certe
1334 3784 1397 3823 una
1421 3770 1543 3824 tantum
1566 3783 1663 3846 rupes
1681 3762 1790 3840 luisse,
1813 3760 1870 3824 sed
1887 3760 2007 3824 factum
2026 3773 2075 3824 est
2088 3761 2207 3825 ostium

529 3876 563 3938 in
583 3874 691 3938 medie
716 3897 774 3959 per
795 3897 917 3960 rupem,
940 3897 998 3959 per
1019 3875 1104 3960 quod
1125 3877 1157 3938 in
1182 3875 1315 3939 cherum
1340 3876 1379 3940 de
1401 3875 1525 3962 capella
1547 3875 1602 3940 illa
1623 3888 1672 3940 est
1694 3899 1855 3941 aseensus.
1896 3876 1950 3941 Ad
1969 3876 2076 3942 locum
2098 3886 2205 3939 autem

529 3989 715 4055 dulcissime
742 3992 922 4053 natiuitatis
949 3989 1157 4055 descenditur
1191 3991 1233 4054 ab
1264 3991 1401 4055 ecclesia
1430 3995 1463 4055 in
1492 3992 1649 4078 capellam
1669 4016 1727 4078 per
1750 3993 1782 4056 X
1803 3992 1942 4078 gradus,
1976 3994 2066 4056 cuins
2088 4013 2205 4056 causas

530 4108 677 4191 superius
705 4107 950 4191 assignauillll.
995 4105 1055 4169 Est
1085 4119 1191 4170 autem
1223 4106 1348 4192 capella
1376 4109 1440 4171 ista
1472 4120 1540 4172 tota
1573 4109 1708 4172 interius
1738 4110 1825 4172 faeta
1846 4108 1886 4172 de
1908 4131 2005 4194 opere
2027 4108 2153 4173 musiuo
2175 4117 2208 4171 et

530 4233 633 4286 strata
662 4245 823 4288 urarmore
847 4236 878 4287 et
901 4231 1088 4310 sumptuose
1111 4222 1207 4286 ualde
1227 4224 1323 4286 lecta.
1368 4224 1472 4310 Super
1493 4223 1597 4289 locum
1619 4224 1724 4306 illum,
1756 4224 1811 4288 ubi
1833 4223 1929 4288 beata
1952 4225 2045 4308 uirgo
2069 4225 2207 4310 peperit,

531 4349 638 4421 potest
661 4338 724 4401 dici
744 4341 845 4403 missa
865 4362 962 4425 super
985 4337 1128 4403 tabulam
1151 4360 1380 4420 marmoream,
1407 4362 1469 4426 que
1494 4351 1596 4404 strata
1618 4351 1666 4403 est
1688 4339 1743 4404 ibi.
1786 4340 1838 4404 De
1865 4340 1974 4426 lapide
1996 4340 2098 4403 eciam
2120 4338 2206 4403 nudo

531 4451 659 4516 uidetur
680 4452 726 4517 ibi
749 4477 837 4539 pars,
860 4453 915 4517 ubi
937 4470 1032 4518 natus
1054 4466 1103 4518 est
1126 4452 1283 4521 Christus.
1329 4455 1485 4519 Similiter
1507 4458 1608 4520 eciam
1632 4456 1770 4542 quedam
1793 4478 1870 4541 pars
1892 4458 2061 4543 presepis,
2086 4459 2121 4520 in
2144 4477 2206 4542 quo

597 4619 624 4683 a)
642 4617 751 4752 crptgt
768 4635 820 4683 quo
839 4616 879 4671 St.
891 4618 956 4686 fuit
972 4619 1006 4670 de
1023 4635 1054 4670 ee
1073 4616 1099 4670 h.
1123 4650 1155 4657 -
1179 4617 1207 4688 b)
1226 4620 1312 4672 lensia
1334 4618 1375 4673 st.
1400 4620 1479 4672 ionic
1499 4619 1524 4673 h.
1547 4651 1579 4658 —
1608 4623 1634 4690 c)
1653 4628 1729 4673 ortus
1747 4618 1779 4673 St
1791 4619 1816 4673 h.
1847 4649 1875 4658 —
1901 4620 1930 4685 d)
1948 4620 2064 4688 rrr'yila‘us
2085 4638 2137 4674 om.
2157 4619 2208 4687 st,

686 4714 703 4750 a
739 4701 794 4751 th.

532 4855 657 4913 trionem
679 4874 780 4914 versus
802 4855 945 4914 Hebroue
968 4855 1064 4913 distat.
1113 4855 1277 4915 Robinsoui
1299 4878 1349 4914 uu·
1455 4861 1525 4930 559)
1546 4858 1720 4932 Bethlehem}
1750 4858 1797 4917 De
1827 4857 1883 4917 hac
1911 4859 2049 4935 singulari
2079 4859 2206 4939 descrip-

529 4962 588 5011 tem
602 4955 748 5012 sententia
760 4963 805 5013 est
819 4952 909 5012 soba.
937 4954 1122 5013 Burehardus
1136 4975 1275 5014 veronec
1292 4956 1349 5014 Re·
1390 4957 1470 5015 tione
1500 4959 1620 5036 exponit
1650 4957 1737 5014 Titus
1767 4957 1914 5017 Toblerus
1948 4957 2022 5016 libro
2051 4958 2206 5038 inscripto:

531 5050 615 5122 meh,
642 5072 697 5112 nec
718 5052 837 5125 Stibam,
859 5051 911 5112 sed
931 5052 1055 5113 Ramleh
1077 5052 1174 5113 dicere
1196 5064 1224 5112 et
1243 5053 1350 5113 adiisse
1390 5056 1564 5116 Bethlehem
1576 5059 1606 5115 in
1620 5056 1777 5114 l’alttstina.
1801 5055 1843 5117 St.
1856 5055 1964 5116 Gallen
1979 5077 2006 5117 u.
2022 5057 2100 5117 Bem
2120 5063 2205 5120 1849.

530 5149 653 5208 videtur.
676 5184 714 5194 -
745 5150 790 5212 cf.
823 5151 935 5210 Tobler
965 5151 1095 5230 'l'epogn
1125 5173 1152 5212 v.
1179 5152 1279 5212 Jerus.
1306 5153 1349 5211 ll.
1454 5160 1525 5228 566)
1545 5157 1711 5230 sepulerum
1733 5156 1855 5230 Rachel]
1877 5155 1914 5216 V.
1937 5156 2051 5215 'l‘ebler
2073 5156 2206 5236 Topegr.

532 5253 607 5320 9053
629 5248 781 5309 Robinson
802 5250 867 5309 l’ul.
882 5251 921 5310 Il.
945 5255 1002 5311 533
1026 5272 1103 5330 sqq.3
1126 5272 1183 5309 van
1200 5251 1236 5309 dc
1253 5251 1349 5311 Velde
1390 5276 1416 5314 v.
1438 5254 1536 5313 Jeme.
1561 5258 1618 5314 782
1641 5274 1703 5332 sqq.

530 5349 652 5405 memoir
673 5369 700 5426 p.
725 5352 792 5408 241.
1452 5358 1522 5426 561)
1545 5353 1640 5410 turris
1654 5352 1744 5427 Λάαν]
1767 5349 1876 5424 Gader,
1897 5371 1942 5407 mr
1956 5353 2024 5413 sess,
2061 5353 2107 5415 cf.
2125 5354 2205 5415 Teb-

593 5450 665 5518 557)
687 5446 854 5505 arimathia
869 5481 909 5489 —·
924 5449 1063 5523 Baetulo]
1084 5448 1275 5507 Arimathiam
1289 5450 1346 5508 Ra-
1388 5452 1430 5510 ler
1452 5451 1624 5509 Bethlehem
1646 5471 1674 5528 p.
1699 5453 1766 5513 256.

531 5545 640 5603 mulam
664 5565 722 5603 nen
744 5565 808 5604 esse
830 5545 915 5605 decet
929 5546 1043 5606 Tobler
1056 5547 1187 5626 Topogr.
1203 5570 1231 5606 v.
1247 5548 1347 5609 Jerus.
1451 5555 1522 5623 562)
1545 5551 1676 5608 cisterna
1699 5583 1739 5591 —
1763 5551 1875 5626 Dauid]
1898 5550 1934 5612 V.
1959 5551 2072 5610 Tobler
2089 5552 2205 5612 Bethle-

531 5644 571 5702 ΙΙ.
593 5647 662 5705 802.
1389 5649 1454 5708 hem
1477 5670 1505 5727 p.
1529 5653 1586 5708 263
1610 5670 1637 5708 n.
1663 5653 1689 5710 3.

594 5745 665 5813 558)
693 5742 822 5817 lamnia]
858 5742 988 5823 Antiqua
1013 5744 1118 5817 labne,
1151 5745 1274 5805 Iahneel
1303 5755 1348 5805 est
1451 5752 1521 5819 563)
1545 5747 1575 5804 in
1587 5747 1651 5825 fine
1672 5748 1905 5823 uereorientalt]
1930 5748 1966 5808 V.
1982 5748 2204 5811 ToblerBethl.

532 5860 632 5899 recens
645 5839 746 5900 Iebua.
770 5839 814 5899 cf.
827 5841 941 5900 'l'obler
956 5848 981 5902 3.
998 5843 1193 5921 Wandernng
1205 5865 1232 5922 p.
1244 5849 1281 5904 23
1295 5866 1347 5924 sq,
1389 5868 1417 5924 p.
1446 5849 1509 5908 141.

532 5960 558 5998 v.
585 5939 713 5997 ltnumcr
735 5961 762 6017 p.
787 5943 853 6005 184,
876 5939 970 6000 Ritter
991 5941 1076 6000 XVI.
1102 5947 1269 6003 125-127.
1451 5951 1521 6017 564)
1537 5946 1620 6003 euius·
1639 5966 1763 6004 caussas
1780 5946 1918 6021 superius·
1934 5947 2098 6022 desipuere]
2113 5946 2203 6007 v1.t.
