<?xml version="1.0" encoding="UTF-8"?>
<!DOCTYPE html PUBLIC "-//W3C//DTD XHTML 1.0 Transitional//EN"
    "http://www.w3.org/TR/xhtml1/DTD/xhtml1-transitional.dtd">
<html xmlns="http://www.w3.org/1999/xhtml" xml:lang="en" lang="en">
 <head>
  <title>
</title>
<meta http-equiv="Content-Type" content="text/html;charset=utf-8" />
  <meta name='ocr-system' content='tesseract 3.04.00' />
  <meta name='ocr-capabilities' content='ocr_page ocr_carea ocr_par ocr_line ocrx_word'/>
</head>
<body>
  <div class='ocr_page' id='page_1' title='image "./peregrinatoresm00brocgoog_0203.png"; bbox 0 0 5334 6975; ppageno 0'>
   <div class='ocr_carea' id='block_1_1' title="bbox 752 702 1347 815">
    <p class='ocr_par' dir='ltr' id='par_1_1' title="bbox 752 702 1347 815">
     <span class='ocr_line' id='line_1_1' title="bbox 752 702 1347 815; baseline 0.007 -35"><span class='ocrx_word' id='word_1_1' title='bbox 752 702 790 815; x_wconf 37' lang='grc' dir='ltr'>ᾗ</span> <span class='ocrx_word' id='word_1_2' title='bbox 941 780 945 786; x_wconf 66' lang='lat'><strong>,</strong></span> <span class='ocrx_word' id='word_1_3' title='bbox 1288 720 1347 785; x_wconf 82' lang='grc'><strong>160</strong></span> 
     </span>
    </p>
   </div>
   <div class='ocr_carea' id='block_1_2' title="bbox 478 894 2320 5041">
    <p class='ocr_par' dir='ltr' id='par_1_2' title="bbox 479 894 2206 1334">
     <span class='ocr_line' id='line_1_2' title="bbox 479 894 2206 985; baseline -0.001 -22"><span class='ocrx_word' id='word_1_4' title='bbox 479 896 562 985; x_wconf 87' lang='lat' dir='ltr'><strong>puli)</strong></span> <span class='ocrx_word' id='word_1_5' title='bbox 578 902 699 978; x_wconf 84' lang='lat' dir='ltr'><strong>pariter</strong></span> <span class='ocrx_word' id='word_1_6' title='bbox 721 902 752 959; x_wconf 90' lang='lat' dir='ltr'><strong>in</strong></span> <span class='ocrx_word' id='word_1_7' title='bbox 773 905 870 961; x_wconf 89' lang='lat' dir='ltr'><strong>eadem</strong></span> <span class='ocrx_word' id='word_1_8' title='bbox 890 906 963 963; x_wconf 88' lang='lat' dir='ltr'><strong>loco.</strong></span> <span class='ocrx_word' id='word_1_9' title='bbox 1007 903 1046 961; x_wconf 83' lang='lat' dir='ltr'><strong>Et</strong></span> <span class='ocrx_word' id='word_1_10' title='bbox 1059 907 1168 977; x_wconf 74' lang='lat' dir='ltr'><strong>sactus</strong></span> <span class='ocrx_word' id='word_1_11' title='bbox 1191 910 1234 960; x_wconf 81' lang='lat' dir='ltr'><strong>ert</strong></span> <span class='ocrx_word' id='word_1_12' title='bbox 1256 910 1377 978; x_wconf 86' lang='lat' dir='ltr'><strong>repente</strong></span> <span class='ocrx_word' id='word_1_13' title='bbox 1398 905 1434 962; x_wconf 89' lang='lat' dir='ltr'><strong>de</strong></span> <span class='ocrx_word' id='word_1_14' title='bbox 1455 905 1516 961; x_wconf 91' lang='lat' dir='ltr'><strong>celo</strong></span> <span class='ocrx_word' id='word_1_15' title='bbox 1535 920 1632 961; x_wconf 78' lang='lat' dir='ltr'><strong>canuc.</strong></span> <span class='ocrx_word' id='word_1_16' title='bbox 1655 931 1695 943; x_wconf 92' lang='lat'><em>-</em></span> <span class='ocrx_word' id='word_1_17' title='bbox 1716 894 1788 961; x_wconf 90' lang='lat' dir='ltr'><strong>Illic</strong></span> <span class='ocrx_word' id='word_1_18' title='bbox 1808 897 1912 961; x_wconf 87' lang='lat' dir='ltr'><strong>eciam</strong></span> <span class='ocrx_word' id='word_1_19' title='bbox 1933 895 2055 974; x_wconf 78' lang='lat' dir='ltr'><strong>aliud⁸)</strong></span> <span class='ocrx_word' id='word_1_20' title='bbox 2075 894 2155 961; x_wconf 80' lang='lat' dir='ltr'>felix</span> <span class='ocrx_word' id='word_1_21' title='bbox 2176 917 2206 969; x_wconf 77' lang='grc'><strong>11</strong></span> 
     </span>
     <span class='ocr_line' id='line_1_3' title="bbox 480 1009 2157 1102; baseline -0.001 -24"><span class='ocrx_word' id='word_1_22' title='bbox 480 1026 518 1078; x_wconf 86' lang='lat' dir='ltr'><strong>et.</strong></span> <span class='ocrx_word' id='word_1_23' title='bbox 533 1011 776 1080; x_wconf 90' lang='lat' dir='ltr'><strong>immaculatum</strong></span> <span class='ocrx_word' id='word_1_24' title='bbox 796 1023 1000 1100; x_wconf 88' lang='lat' dir='ltr'><strong>compactum</strong></span> <span class='ocrx_word' id='word_1_25' title='bbox 1024 1036 1142 1102; x_wconf 89' lang='lat' dir='ltr'><strong>corpus</strong></span> <span class='ocrx_word' id='word_1_26' title='bbox 1163 1013 1258 1079; x_wconf 87' lang='lat' dir='ltr'><strong>beate</strong></span> <span class='ocrx_word' id='word_1_27' title='bbox 1278 1014 1418 1100; x_wconf 78' lang='lat' dir='ltr'><strong>uirginis</strong></span> <span class='ocrx_word' id='word_1_28' title='bbox 1437 1012 1543 1079; x_wconf 87' lang='lat' dir='ltr'><strong>llarie</strong></span> <span class='ocrx_word' id='word_1_29' title='bbox 1565 1014 1627 1077; x_wconf 86' lang='lat' dir='ltr'><strong>fuit</strong></span> <span class='ocrx_word' id='word_1_30' title='bbox 1645 1011 1840 1095; x_wconf 90' lang='lat' dir='ltr'><strong>resolutum,</strong></span> <span class='ocrx_word' id='word_1_31' title='bbox 1869 1012 1927 1078; x_wconf 93' lang='lat' dir='ltr'><strong>ubi</strong></span> <span class='ocrx_word' id='word_1_32' title='bbox 1949 1013 2018 1077; x_wconf 92' lang='lat' dir='ltr'><strong>eius</strong></span> <span class='ocrx_word' id='word_1_33' title='bbox 2038 1009 2157 1076; x_wconf 81' lang='lat' dir='ltr'><strong>felicis·</strong></span> 
     </span>
     <span class='ocr_line' id='line_1_4' title="bbox 485 1126 2206 1218; baseline -0.001 -24"><span class='ocrx_word' id='word_1_34' title='bbox 485 1131 567 1194; x_wconf 90' lang='lat' dir='ltr'><strong>sima</strong></span> <span class='ocrx_word' id='word_1_35' title='bbox 589 1140 621 1193; x_wconf 88' lang='lat' dir='ltr'><strong>ct</strong></span> <span class='ocrx_word' id='word_1_36' title='bbox 642 1127 739 1193; x_wconf 87' lang='lat' dir='ltr'><strong>beata</strong></span> <span class='ocrx_word' id='word_1_37' title='bbox 760 1131 869 1195; x_wconf 89' lang='lat' dir='ltr'><strong>anima</strong></span> <span class='ocrx_word' id='word_1_38' title='bbox 890 1150 911 1195; x_wconf 88' lang='lat' dir='ltr'><strong>a</strong></span> <span class='ocrx_word' id='word_1_39' title='bbox 931 1138 1068 1215; x_wconf 88' lang='lat' dir='ltr'><strong>corpore</strong></span> <span class='ocrx_word' id='word_1_40' title='bbox 1091 1132 1247 1217; x_wconf 79' lang='lat' dir='ltr'><strong>expirans</strong></span> <span class='ocrx_word' id='word_1_41' title='bbox 1266 1131 1375 1218; x_wconf 88' lang='lat' dir='ltr'><strong>ipsum</strong></span> <span class='ocrx_word' id='word_1_42' title='bbox 1396 1128 1439 1194; x_wconf 89' lang='lat' dir='ltr'><strong>ad</strong></span> <span class='ocrx_word' id='word_1_43' title='bbox 1460 1138 1588 1216; x_wconf 90' lang='lat' dir='ltr'><strong>tempus</strong></span> <span class='ocrx_word' id='word_1_44' title='bbox 1610 1127 1790 1216; x_wconf 85' lang='lat' dir='ltr'><strong>dereliquit.</strong></span> <span class='ocrx_word' id='word_1_45' title='bbox 1823 1127 1919 1209; x_wconf 80' lang='lat' dir='ltr'><strong>Quod</strong></span> <span class='ocrx_word' id='word_1_46' title='bbox 1941 1126 2157 1216; x_wconf 83' lang='lat' dir='ltr'><strong>postmodum,</strong></span> <span class='ocrx_word' id='word_1_47' title='bbox 2177 1152 2206 1203; x_wconf 78' lang='lat'><strong>¹7</strong></span> 
     </span>
     <span class='ocr_line' id='line_1_5' title="bbox 482 1225 1715 1334; baseline -0.002 -25"><span class='ocrx_word' id='word_1_48' title='bbox 482 1248 566 1310; x_wconf 86' lang='lat' dir='ltr'><strong>sicut</strong></span> <span class='ocrx_word' id='word_1_49' title='bbox 587 1244 754 1331; x_wconf 67' lang='lat' dir='ltr'><strong>supram)</strong></span> <span class='ocrx_word' id='word_1_50' title='bbox 775 1246 877 1330; x_wconf 87' lang='lat' dir='ltr'><strong>tetigi,</strong></span> <span class='ocrx_word' id='word_1_51' title='bbox 899 1246 933 1309; x_wconf 93' lang='lat' dir='ltr'><strong>in</strong></span> <span class='ocrx_word' id='word_1_52' title='bbox 952 1244 1038 1311; x_wconf 91' lang='lat' dir='ltr'><strong>ualle</strong></span> <span class='ocrx_word' id='word_1_53' title='bbox 1057 1225 1217 1334; x_wconf 83' lang='lat' dir='ltr'><strong>Iosophat</strong></span> <span class='ocrx_word' id='word_1_54' title='bbox 1233 1254 1436 1332; x_wconf 86' lang='lat' dir='ltr'><strong>assumptum</strong></span> <span class='ocrx_word' id='word_1_55' title='bbox 1458 1245 1528 1309; x_wconf 84' lang='lat' dir='ltr'><strong>fnit.</strong></span> <span class='ocrx_word' id='word_1_56' title='bbox 1687 1257 1715 1306; x_wconf 60' lang='lat' dir='ltr'><strong>e</strong></span> 
     </span>
    </p>

    <p class='ocr_par' dir='ltr' id='par_1_3' title="bbox 480 1341 2320 2027">
     <span class='ocr_line' id='line_1_6' title="bbox 604 1341 2320 1462; baseline -0.001 -39"><span class='ocrx_word' id='word_1_57' title='bbox 604 1359 648 1423; x_wconf 89' lang='lat' dir='ltr'><strong>X.</strong></span> <span class='ocrx_word' id='word_1_58' title='bbox 689 1359 770 1425; x_wconf 90' lang='lat' dir='ltr'><strong>Inde</strong></span> <span class='ocrx_word' id='word_1_59' title='bbox 797 1361 944 1425; x_wconf 90' lang='lat' dir='ltr'><strong>uenimus</strong></span> <span class='ocrx_word' id='word_1_60' title='bbox 964 1366 1151 1425; x_wconf 74' lang='lat' dir='ltr'><strong>Bethanian.</strong></span> <span class='ocrx_word' id='word_1_61' title='bbox 1195 1341 1292 1443; x_wconf 80' lang='lat' dir='ltr'><strong>Quod</strong></span> <span class='ocrx_word' id='word_1_62' title='bbox 1320 1371 1371 1427; x_wconf 87' lang='lat' dir='ltr'><strong>est</strong></span> <span class='ocrx_word' id='word_1_63' title='bbox 1392 1359 1559 1427; x_wconf 87' lang='lat' dir='ltr'><strong>castellum</strong></span> <span class='ocrx_word' id='word_1_64' title='bbox 1582 1382 1729 1448; x_wconf 88' lang='lat' dir='ltr'><strong>paruum,</strong></span> <span class='ocrx_word' id='word_1_65' title='bbox 1751 1358 1834 1425; x_wconf 89' lang='lat' dir='ltr'><strong>duas</strong></span> <span class='ocrx_word' id='word_1_66' title='bbox 1855 1360 1979 1427; x_wconf 90' lang='lat' dir='ltr'><strong>habens</strong></span> <span class='ocrx_word' id='word_1_67' title='bbox 2001 1346 2190 1462; x_wconf 56' lang='lat' dir='ltr'><strong>ccclesias}</strong></span> <span class='ocrx_word' id='word_1_68' title='bbox 2314 1360 2320 1370; x_wconf 90' lang='lat'>&#39;</span> 
     </span>
     <span class='ocr_line' id='line_1_7' title="bbox 481 1473 2190 1565; baseline 0.003 -24"><span class='ocrx_word' id='word_1_69' title='bbox 481 1477 516 1541; x_wconf 93' lang='lat' dir='ltr'><strong>in</strong></span> <span class='ocrx_word' id='word_1_70' title='bbox 538 1497 582 1557; x_wconf 91' lang='lat' dir='ltr'><strong>se,</strong></span> <span class='ocrx_word' id='word_1_71' title='bbox 603 1498 623 1540; x_wconf 97' lang='grc'><strong>6</strong></span> <span class='ocrx_word' id='word_1_72' title='bbox 645 1474 835 1541; x_wconf 86' lang='lat' dir='ltr'><strong>Sarracenis</strong></span> <span class='ocrx_word' id='word_1_73' title='bbox 856 1475 1066 1559; x_wconf 78' lang='lat' dir='ltr'><strong>obseruatas3</strong></span> <span class='ocrx_word' id='word_1_74' title='bbox 1087 1500 1194 1561; x_wconf 90' lang='lat' dir='ltr'><strong>unam,</strong></span> <span class='ocrx_word' id='word_1_75' title='bbox 1215 1480 1333 1565; x_wconf 90' lang='lat' dir='ltr'><strong>inqua</strong></span> <span class='ocrx_word' id='word_1_76' title='bbox 1354 1473 1528 1562; x_wconf 84' lang='lat' dir='ltr'><strong>aliquando</strong></span> <span class='ocrx_word' id='word_1_77' title='bbox 1550 1485 1621 1542; x_wconf 92' lang='lat' dir='ltr'><strong>erat</strong></span> <span class='ocrx_word' id='word_1_78' title='bbox 1642 1473 1757 1541; x_wconf 89' lang='lat' dir='ltr'><strong>domus</strong></span> <span class='ocrx_word' id='word_1_79' title='bbox 1778 1474 1921 1541; x_wconf 77' lang='lat' dir='ltr'>Simonis</span> <span class='ocrx_word' id='word_1_80' title='bbox 1944 1476 2075 1565; x_wconf 79' lang='lat' dir='ltr'><strong>leprosi.</strong></span> <span class='ocrx_word' id='word_1_81' title='bbox 2118 1475 2190 1546; x_wconf 82' lang='lat' dir='ltr'><strong>lna</strong></span> 
     </span>
     <span class='ocr_line' id='line_1_8' title="bbox 480 1589 2156 1680; baseline 0 -22"><span class='ocrx_word' id='word_1_82' title='bbox 480 1591 537 1658; x_wconf 93' lang='lat' dir='ltr'><strong>illa</strong></span> <span class='ocrx_word' id='word_1_83' title='bbox 557 1591 700 1658; x_wconf 90' lang='lat' dir='ltr'><strong>uidimus</strong></span> <span class='ocrx_word' id='word_1_84' title='bbox 719 1590 843 1674; x_wconf 86' lang='lat' dir='ltr'><strong>locum,</strong></span> <span class='ocrx_word' id='word_1_85' title='bbox 873 1590 929 1656; x_wconf 94' lang='lat' dir='ltr'><strong>ubi</strong></span> <span class='ocrx_word' id='word_1_86' title='bbox 950 1590 1057 1657; x_wconf 87' lang='lat' dir='ltr'><strong>Maria</strong></span> <span class='ocrx_word' id='word_1_87' title='bbox 1078 1590 1293 1679; x_wconf 83' lang='lat' dir='ltr'><strong>Magdalcna,</strong></span> <span class='ocrx_word' id='word_1_88' title='bbox 1322 1590 1507 1680; x_wconf 87' lang='lat' dir='ltr'><strong>exemplum</strong></span> <span class='ocrx_word' id='word_1_89' title='bbox 1531 1592 1729 1678; x_wconf 80' lang='lat' dir='ltr'><strong>penitencie,</strong></span> <span class='ocrx_word' id='word_1_90' title='bbox 1756 1589 1947 1678; x_wconf 88' lang='lat' dir='ltr'><strong>amplexata</strong></span> <span class='ocrx_word' id='word_1_91' title='bbox 1968 1592 2069 1680; x_wconf 89' lang='lat' dir='ltr'><strong>pedes</strong></span> <span class='ocrx_word' id='word_1_92' title='bbox 2088 1592 2156 1658; x_wconf 92' lang='lat' dir='ltr'><strong>Do·</strong></span> 
     </span>
     <span class='ocr_line' id='line_1_9' title="bbox 481 1698 2190 1816; baseline 0.001 -43"><span class='ocrx_word' id='word_1_93' title='bbox 481 1710 559 1773; x_wconf 90' lang='lat' dir='ltr'><strong>mini</strong></span> <span class='ocrx_word' id='word_1_94' title='bbox 578 1709 724 1795; x_wconf 79' lang='lat' dir='ltr'><strong>graciam</strong></span> <span class='ocrx_word' id='word_1_95' title='bbox 746 1709 886 1794; x_wconf 88' lang='lat' dir='ltr'><strong>quesiuit</strong></span> <span class='ocrx_word' id='word_1_96' title='bbox 908 1717 940 1772; x_wconf 89' lang='lat' dir='ltr'><strong>et</strong></span> <span class='ocrx_word' id='word_1_97' title='bbox 961 1706 1108 1774; x_wconf 83' lang='lat' dir='ltr'><strong>obtinuit.</strong></span> <span class='ocrx_word' id='word_1_98' title='bbox 1150 1708 1308 1791; x_wconf 80' lang='lat' dir='ltr'><strong>Alteram,</strong></span> <span class='ocrx_word' id='word_1_99' title='bbox 1330 1709 1450 1796; x_wconf 87' lang='lat' dir='ltr'><strong>inqua</strong></span> <span class='ocrx_word' id='word_1_100' title='bbox 1471 1718 1542 1773; x_wconf 87' lang='lat' dir='ltr'><strong>erat</strong></span> <span class='ocrx_word' id='word_1_101' title='bbox 1563 1716 1653 1773; x_wconf 88' lang='lat' dir='ltr'><strong>ortus</strong></span> <span class='ocrx_word' id='word_1_102' title='bbox 1672 1706 1778 1771; x_wconf 87' lang='lat' dir='ltr'><strong>llarie</strong></span> <span class='ocrx_word' id='word_1_103' title='bbox 1800 1716 1832 1772; x_wconf 90' lang='lat' dir='ltr'><strong>et</strong></span> <span class='ocrx_word' id='word_1_104' title='bbox 1852 1705 1992 1776; x_wconf 86' lang='lat' dir='ltr'><strong>Marthe.</strong></span> <span class='ocrx_word' id='word_1_105' title='bbox 2035 1709 2073 1774; x_wconf 93' lang='lat' dir='ltr'><strong>In</strong></span> <span class='ocrx_word' id='word_1_106' title='bbox 2092 1698 2190 1816; x_wconf 54' lang='lat' dir='ltr'><strong>quag</strong></span> 
     </span>
     <span class='ocr_line' id='line_1_10' title="bbox 480 1821 2191 1909; baseline -0.001 -19"><span class='ocrx_word' id='word_1_107' title='bbox 480 1822 621 1890; x_wconf 91' lang='lat' dir='ltr'><strong>uidimus</strong></span> <span class='ocrx_word' id='word_1_108' title='bbox 642 1823 962 1907; x_wconf 77' lang='lat' dir='ltr'><strong>monumentum²¹⁹),</strong></span> <span class='ocrx_word' id='word_1_109' title='bbox 984 1845 1006 1889; x_wconf 90' lang='lat' dir='ltr'><strong>a</strong></span> <span class='ocrx_word' id='word_1_110' title='bbox 1025 1845 1088 1909; x_wconf 92' lang='lat' dir='ltr'><strong>quo</strong></span> <span class='ocrx_word' id='word_1_111' title='bbox 1108 1822 1270 1889; x_wconf 82' lang='lat' dir='ltr'><strong>Dominus</strong></span> <span class='ocrx_word' id='word_1_112' title='bbox 1295 1824 1503 1890; x_wconf 88' lang='lat' dir='ltr'><strong>resuscitauit</strong></span> <span class='ocrx_word' id='word_1_113' title='bbox 1515 1824 1687 1888; x_wconf 78' lang='lat' dir='ltr'><strong>Lazarum.</strong></span> <span class='ocrx_word' id='word_1_114' title='bbox 1723 1821 1790 1887; x_wconf 89' lang='lat' dir='ltr'><strong>Iste</strong></span> <span class='ocrx_word' id='word_1_115' title='bbox 1804 1821 1940 1889; x_wconf 87' lang='lat' dir='ltr'><strong>ecclesie</strong></span> <span class='ocrx_word' id='word_1_116' title='bbox 1957 1823 2038 1889; x_wconf 91' lang='lat' dir='ltr'><strong>adeo</strong></span> <span class='ocrx_word' id='word_1_117' title='bbox 2053 1824 2191 1898; x_wconf 80' lang='lat' dir='ltr'><strong>uicinea</strong></span> 
     </span>
     <span class='ocr_line' id='line_1_11' title="bbox 482 1936 2123 2027; baseline -0.001 -22"><span class='ocrx_word' id='word_1_118' title='bbox 482 1954 564 2022; x_wconf 90' lang='lat' dir='ltr'><strong>sunt,</strong></span> <span class='ocrx_word' id='word_1_119' title='bbox 587 1949 623 2005; x_wconf 93' lang='lat' dir='ltr'><strong>ut</strong></span> <span class='ocrx_word' id='word_1_120' title='bbox 645 1936 823 2003; x_wconf 89' lang='lat' dir='ltr'><strong>secundum</strong></span> <span class='ocrx_word' id='word_1_121' title='bbox 843 1959 950 2003; x_wconf 91' lang='lat' dir='ltr'><strong>meam</strong></span> <span class='ocrx_word' id='word_1_122' title='bbox 972 1941 1158 2026; x_wconf 88' lang='lat' dir='ltr'><strong>opinionem</strong></span> <span class='ocrx_word' id='word_1_123' title='bbox 1179 1939 1328 2006; x_wconf 76' lang='lat' dir='ltr'><strong>Lazarus</strong></span> <span class='ocrx_word' id='word_1_124' title='bbox 1349 1941 1383 2005; x_wconf 93' lang='lat' dir='ltr'><strong>in</strong></span> <span class='ocrx_word' id='word_1_125' title='bbox 1406 1948 1476 2005; x_wconf 88' lang='grc'><strong>0110</strong></span> <span class='ocrx_word' id='word_1_126' title='bbox 1497 1938 1549 2004; x_wconf 90' lang='lat' dir='ltr'><strong>uel</strong></span> <span class='ocrx_word' id='word_1_127' title='bbox 1571 1940 1662 2004; x_wconf 89' lang='lat' dir='ltr'><strong>curia</strong></span> <span class='ocrx_word' id='word_1_128' title='bbox 1685 1937 1825 2003; x_wconf 87' lang='lat' dir='ltr'><strong>Simonis</strong></span> <span class='ocrx_word' id='word_1_129' title='bbox 1847 1939 1948 2005; x_wconf 84' lang='grc'><strong>1116111</strong></span> <span class='ocrx_word' id='word_1_130' title='bbox 1971 1938 2123 2027; x_wconf 89' lang='lat' dir='ltr'><strong>sepultus.</strong></span> 
     </span>
    </p>

    <p class='ocr_par' dir='ltr' id='par_1_4' title="bbox 482 2053 2207 2601">
     <span class='ocr_line' id='line_1_12' title="bbox 606 2053 2191 2143; baseline -0.002 -24"><span class='ocrx_word' id='word_1_131' title='bbox 606 2054 677 2119; x_wconf 91' lang='lat' dir='ltr'><strong>Hec</strong></span> <span class='ocrx_word' id='word_1_132' title='bbox 698 2064 752 2118; x_wconf 82' lang='lat' dir='ltr'><strong>est·</strong></span> <span class='ocrx_word' id='word_1_133' title='bbox 767 2053 824 2118; x_wconf 92' lang='lat' dir='ltr'><strong>illa</strong></span> <span class='ocrx_word' id='word_1_134' title='bbox 842 2053 1018 2137; x_wconf 80' lang='lat' dir='ltr'><strong>Bethania,</strong></span> <span class='ocrx_word' id='word_1_135' title='bbox 1046 2054 1087 2120; x_wconf 93' lang='lat' dir='ltr'><strong>de</strong></span> <span class='ocrx_word' id='word_1_136' title='bbox 1107 2077 1172 2143; x_wconf 89' lang='lat' dir='ltr'><strong>qua</strong></span> <span class='ocrx_word' id='word_1_137' title='bbox 1192 2054 1423 2129; x_wconf 73' lang='lat' dir='ltr'><strong>Iohannes²⁶⁰i</strong></span> <span class='ocrx_word' id='word_1_138' title='bbox 1445 2057 1510 2119; x_wconf 90' lang='lat' dir='ltr'><strong>ait:</strong></span> <span class='ocrx_word' id='word_1_139' title='bbox 1541 2061 1620 2118; x_wconf 84' lang='lat' dir='ltr'><strong>Erat</strong></span> <span class='ocrx_word' id='word_1_140' title='bbox 1648 2060 1768 2136; x_wconf 81' lang='lat' dir='ltr'><strong>quidam</strong></span> <span class='ocrx_word' id='word_1_141' title='bbox 1788 2060 1945 2137; x_wconf 77' lang='lat' dir='ltr'><strong>lanquens,</strong></span> <span class='ocrx_word' id='word_1_142' title='bbox 1979 2060 2118 2118; x_wconf 71' lang='lat' dir='ltr'><strong>Lazarus</strong></span> <span class='ocrx_word' id='word_1_143' title='bbox 2139 2080 2191 2131; x_wconf 81' lang='lat' dir='ltr'><strong>a7</strong></span> 
     </span>
     <span class='ocr_line' id='line_1_13' title="bbox 484 2163 2192 2253; baseline 0 -18"><span class='ocrx_word' id='word_1_144' title='bbox 484 2175 648 2248; x_wconf 75' lang='lat' dir='ltr'><strong>Belkania,</strong></span> <span class='ocrx_word' id='word_1_145' title='bbox 670 2177 705 2233; x_wconf 91' lang='lat' dir='ltr'><strong>de</strong></span> <span class='ocrx_word' id='word_1_146' title='bbox 733 2174 854 2232; x_wconf 87' lang='lat' dir='ltr'><strong>castello</strong></span> <span class='ocrx_word' id='word_1_147' title='bbox 876 2176 977 2233; x_wconf 86' lang='lat' dir='ltr'><strong>Marie</strong></span> <span class='ocrx_word' id='word_1_148' title='bbox 997 2183 1025 2233; x_wconf 95' lang='lat' dir='ltr'><strong>et</strong></span> <span class='ocrx_word' id='word_1_149' title='bbox 1046 2176 1179 2253; x_wconf 81' lang='lat' dir='ltr'><strong>Martie,</strong></span> <span class='ocrx_word' id='word_1_150' title='bbox 1201 2163 1315 2234; x_wconf 70' lang='lat' dir='ltr'><strong>omorio</strong></span> <span class='ocrx_word' id='word_1_151' title='bbox 1337 2175 1406 2237; x_wconf 88' lang='lat' dir='ltr'><strong>eius.</strong></span> <span class='ocrx_word' id='word_1_152' title='bbox 1448 2171 1493 2235; x_wconf 84' lang='lat' dir='ltr'><strong>Et</strong></span> <span class='ocrx_word' id='word_1_153' title='bbox 1515 2170 1556 2236; x_wconf 91' lang='lat' dir='ltr'><strong>de</strong></span> <span class='ocrx_word' id='word_1_154' title='bbox 1576 2174 1640 2236; x_wconf 89' lang='lat' dir='ltr'><strong>ista</strong></span> <span class='ocrx_word' id='word_1_155' title='bbox 1660 2171 1707 2235; x_wconf 87' lang='lat' dir='ltr'><strong>ait</strong></span> <span class='ocrx_word' id='word_1_156' title='bbox 1725 2169 1856 2237; x_wconf 82' lang='lat' dir='ltr'><strong>Marcus</strong></span> <span class='ocrx_word' id='word_1_157' title='bbox 1869 2173 1942 2251; x_wconf 75' lang='lat'><strong>²⁵¹):</strong></span> <span class='ocrx_word' id='word_1_158' title='bbox 1967 2172 2041 2234; x_wconf 85' lang='lat' dir='ltr'><strong>Cum</strong></span> <span class='ocrx_word' id='word_1_159' title='bbox 2063 2184 2192 2250; x_wconf 65' lang='lat' dir='ltr'><strong>autema</strong></span> 
     </span>
     <span class='ocr_line' id='line_1_14' title="bbox 484 2287 2192 2369; baseline 0.002 -19"><span class='ocrx_word' id='word_1_160' title='bbox 484 2299 559 2350; x_wconf 83' lang='lat' dir='ltr'><strong>esset</strong></span> <span class='ocrx_word' id='word_1_161' title='bbox 581 2291 613 2350; x_wconf 83' lang='lat' dir='ltr'><strong>in</strong></span> <span class='ocrx_word' id='word_1_162' title='bbox 639 2289 799 2364; x_wconf 74' lang='lat' dir='ltr'><strong>Bethania,</strong></span> <span class='ocrx_word' id='word_1_163' title='bbox 820 2290 851 2349; x_wconf 90' lang='lat' dir='ltr'><strong>in</strong></span> <span class='ocrx_word' id='word_1_164' title='bbox 872 2292 955 2349; x_wconf 88' lang='lat' dir='ltr'><strong>domo</strong></span> <span class='ocrx_word' id='word_1_165' title='bbox 975 2290 1103 2350; x_wconf 72' lang='lat' dir='ltr'><strong>Simonis</strong></span> <span class='ocrx_word' id='word_1_166' title='bbox 1126 2291 1246 2369; x_wconf 83' lang='lat' dir='ltr'><strong>leprosi,</strong></span> <span class='ocrx_word' id='word_1_167' title='bbox 1268 2292 1394 2350; x_wconf 81' lang='lat' dir='ltr'><strong>accersit</strong></span> <span class='ocrx_word' id='word_1_168' title='bbox 1415 2293 1457 2349; x_wconf 87' lang='lat' dir='ltr'><strong>ad</strong></span> <span class='ocrx_word' id='word_1_169' title='bbox 1477 2311 1538 2349; x_wconf 91' lang='lat' dir='ltr'><strong>eum</strong></span> <span class='ocrx_word' id='word_1_170' title='bbox 1559 2291 1663 2349; x_wconf 88' lang='lat' dir='ltr'><strong>mulier</strong></span> <span class='ocrx_word' id='word_1_171' title='bbox 1682 2294 1849 2366; x_wconf 76' lang='lat' dir='ltr'><strong>peccatrix.</strong></span> <span class='ocrx_word' id='word_1_172' title='bbox 1893 2288 1969 2353; x_wconf 90' lang='lat' dir='ltr'><strong>Hoc</strong></span> <span class='ocrx_word' id='word_1_173' title='bbox 1989 2287 2192 2364; x_wconf 76' lang='lat' dir='ltr'><strong>castellumu</strong></span> 
     </span>
     <span class='ocr_line' id='line_1_15' title="bbox 482 2400 2207 2489; baseline -0.001 -22"><span class='ocrx_word' id='word_1_174' title='bbox 482 2403 582 2468; x_wconf 90' lang='lat' dir='ltr'><strong>distat</strong></span> <span class='ocrx_word' id='word_1_175' title='bbox 609 2425 630 2468; x_wconf 90' lang='lat' dir='ltr'><strong>a</strong></span> <span class='ocrx_word' id='word_1_176' title='bbox 648 2400 853 2466; x_wconf 86' lang='lat' dir='ltr'><strong>Hierusalem</strong></span> <span class='ocrx_word' id='word_1_177' title='bbox 881 2401 1007 2468; x_wconf 89' lang='lat' dir='ltr'><strong>miliare</strong></span> <span class='ocrx_word' id='word_1_178' title='bbox 1035 2401 1199 2489; x_wconf 82' lang='lat' dir='ltr'><strong>gallicum.</strong></span> <span class='ocrx_word' id='word_1_179' title='bbox 1250 2401 1348 2484; x_wconf 79' lang='lat' dir='ltr'><strong>Quod</strong></span> <span class='ocrx_word' id='word_1_180' title='bbox 1374 2411 1511 2469; x_wconf 88' lang='lat' dir='ltr'><strong>testatur</strong></span> <span class='ocrx_word' id='word_1_181' title='bbox 1541 2403 1702 2469; x_wconf 89' lang='lat' dir='ltr'><strong>Iohannes</strong></span> <span class='ocrx_word' id='word_1_182' title='bbox 1730 2401 2001 2488; x_wconf 80' lang='lat' dir='ltr'><strong>euangelista²⁶²)</strong></span> <span class='ocrx_word' id='word_1_183' title='bbox 2031 2402 2156 2468; x_wconf 85' lang='lat' dir='ltr'><strong>dicens:</strong></span> <span class='ocrx_word' id='word_1_184' title='bbox 2178 2428 2207 2478; x_wconf 85' lang='lat'><strong>1⁰</strong></span> 
     </span>
     <span class='ocr_line' id='line_1_16' title="bbox 483 2522 1974 2601; baseline 0.001 -20"><span class='ocrx_word' id='word_1_185' title='bbox 483 2525 563 2582; x_wconf 86' lang='lat' dir='ltr'><strong>Erat</strong></span> <span class='ocrx_word' id='word_1_186' title='bbox 584 2532 678 2581; x_wconf 87' lang='lat' dir='ltr'><strong>antem</strong></span> <span class='ocrx_word' id='word_1_187' title='bbox 699 2522 851 2580; x_wconf 71' lang='lat' dir='ltr'><strong>Bethania</strong></span> <span class='ocrx_word' id='word_1_188' title='bbox 873 2522 959 2581; x_wconf 76' lang='lat' dir='ltr'><strong>iunio</strong></span> <span class='ocrx_word' id='word_1_189' title='bbox 980 2524 1192 2599; x_wconf 76' lang='lat' dir='ltr'><strong>lerosolymam</strong></span> <span class='ocrx_word' id='word_1_190' title='bbox 1212 2522 1298 2599; x_wconf 76' lang='lat' dir='ltr'><strong>qnasi</strong></span> <span class='ocrx_word' id='word_1_191' title='bbox 1318 2523 1424 2582; x_wconf 73' lang='lat' dir='ltr'><strong>stadiis</strong></span> <span class='ocrx_word' id='word_1_192' title='bbox 1445 2522 1617 2601; x_wconf 86' lang='lat' dir='ltr'><strong>quindecim.</strong></span> <span class='ocrx_word' id='word_1_193' title='bbox 1972 2532 1974 2536; x_wconf 78' lang='grc'>’</span> 
     </span>
    </p>

    <p class='ocr_par' dir='ltr' id='par_1_5' title="bbox 478 2616 2193 3648">
     <span class='ocr_line' id='line_1_17' title="bbox 606 2616 2190 2734; baseline -0.001 -35"><span class='ocrx_word' id='word_1_194' title='bbox 606 2634 663 2699; x_wconf 81' lang='lat' dir='ltr'><strong>XI</strong></span> <span class='ocrx_word' id='word_1_195' title='bbox 705 2632 785 2698; x_wconf 90' lang='lat' dir='ltr'><strong>Inde</strong></span> <span class='ocrx_word' id='word_1_196' title='bbox 805 2643 1009 2699; x_wconf 87' lang='lat' dir='ltr'><strong>transeuntes</strong></span> <span class='ocrx_word' id='word_1_197' title='bbox 1031 2634 1120 2699; x_wconf 89' lang='lat' dir='ltr'><strong>uiam</strong></span> <span class='ocrx_word' id='word_1_198' title='bbox 1142 2633 1306 2699; x_wconf 89' lang='lat' dir='ltr'><strong>difficilem</strong></span> <span class='ocrx_word' id='word_1_199' title='bbox 1327 2647 1360 2700; x_wconf 91' lang='grc'><strong>61</strong></span> <span class='ocrx_word' id='word_1_200' title='bbox 1380 2634 1597 2723; x_wconf 87' lang='lat' dir='ltr'><strong>periculosam</strong></span> <span class='ocrx_word' id='word_1_201' title='bbox 1621 2624 1770 2699; x_wconf 73' lang='lat' dir='ltr'><strong>uenimue</strong></span> <span class='ocrx_word' id='word_1_202' title='bbox 1791 2635 2015 2714; x_wconf 61' lang='lat' dir='ltr'><strong>Hierici0255).</strong></span> <span class='ocrx_word' id='word_1_203' title='bbox 2059 2634 2156 2715; x_wconf 82' lang='lat' dir='ltr'><strong>Quod</strong></span> <span class='ocrx_word' id='word_1_204' title='bbox 2167 2616 2190 2734; x_wconf 49' lang='grc' dir='ltr'>ἑ</span> 
     </span>
     <span class='ocr_line' id='line_1_18' title="bbox 482 2747 2157 2837; baseline -0.001 -22"><span class='ocrx_word' id='word_1_205' title='bbox 482 2760 533 2816; x_wconf 89' lang='lat' dir='ltr'><strong>est</strong></span> <span class='ocrx_word' id='word_1_206' title='bbox 554 2747 718 2815; x_wconf 88' lang='lat' dir='ltr'><strong>castellum</strong></span> <span class='ocrx_word' id='word_1_207' title='bbox 741 2764 890 2837; x_wconf 86' lang='lat' dir='ltr'><strong>paruum,</strong></span> <span class='ocrx_word' id='word_1_208' title='bbox 912 2747 1094 2814; x_wconf 86' lang='lat' dir='ltr'><strong>destructos</strong></span> <span class='ocrx_word' id='word_1_209' title='bbox 1114 2749 1238 2816; x_wconf 91' lang='lat' dir='ltr'><strong>habens</strong></span> <span class='ocrx_word' id='word_1_210' title='bbox 1260 2773 1381 2835; x_wconf 90' lang='lat' dir='ltr'><strong>muros,</strong></span> <span class='ocrx_word' id='word_1_211' title='bbox 1402 2750 1628 2816; x_wconf 90' lang='lat' dir='ltr'><strong>aSarracenis</strong></span> <span class='ocrx_word' id='word_1_212' title='bbox 1651 2748 1876 2834; x_wconf 88' lang='lat' dir='ltr'><strong>inhabitatum,</strong></span> <span class='ocrx_word' id='word_1_213' title='bbox 1899 2753 1993 2817; x_wconf 85' lang='lat' dir='ltr'><strong>cuiue</strong></span> <span class='ocrx_word' id='word_1_214' title='bbox 2011 2752 2157 2815; x_wconf 88' lang='lat' dir='ltr'><strong>meminit</strong></span> 
     </span>
     <span class='ocr_line' id='line_1_19' title="bbox 480 2845 2158 2952; baseline -0.002 -21"><span class='ocrx_word' id='word_1_215' title='bbox 480 2866 657 2948; x_wconf 88' lang='lat' dir='ltr'><strong>Dominus,</strong></span> <span class='ocrx_word' id='word_1_216' title='bbox 681 2845 745 2931; x_wconf 80' lang='lat' dir='ltr'><strong>&#39;ubi</strong></span> <span class='ocrx_word' id='word_1_217' title='bbox 767 2865 851 2931; x_wconf 84' lang='lat' dir='ltr'><strong>dixit</strong></span> <span class='ocrx_word' id='word_1_218' title='bbox 870 2866 905 2930; x_wconf 92' lang='lat' dir='ltr'><strong>in</strong></span> <span class='ocrx_word' id='word_1_219' title='bbox 925 2864 1166 2952; x_wconf 79' lang='lat' dir='ltr'><strong>parabola²⁵⁴):</strong></span> <span class='ocrx_word' id='word_1_220' title='bbox 1194 2872 1289 2929; x_wconf 85' lang='lat' dir='ltr'><strong>Homo</strong></span> <span class='ocrx_word' id='word_1_221' title='bbox 1317 2872 1438 2949; x_wconf 85' lang='lat' dir='ltr'><strong>quidam</strong></span> <span class='ocrx_word' id='word_1_222' title='bbox 1459 2871 1650 2931; x_wconf 73' lang='lat' dir='ltr'><strong>descendebat</strong></span> <span class='ocrx_word' id='word_1_223' title='bbox 1675 2869 1712 2928; x_wconf 81' lang='lat' dir='ltr'><strong>ab</strong></span> <span class='ocrx_word' id='word_1_224' title='bbox 1732 2870 1925 2930; x_wconf 78' lang='lat' dir='ltr'><strong>Hierusalem</strong></span> <span class='ocrx_word' id='word_1_225' title='bbox 1953 2872 1985 2931; x_wconf 88' lang='lat' dir='ltr'><strong>in</strong></span> <span class='ocrx_word' id='word_1_226' title='bbox 2005 2870 2158 2944; x_wconf 73' lang='lat' dir='ltr'><strong>Hiericho,</strong></span> 
     </span>
     <span class='ocr_line' id='line_1_20' title="bbox 482 2961 2192 3080; baseline 0.002 -37"><span class='ocrx_word' id='word_1_227' title='bbox 482 2995 510 3044; x_wconf 85' lang='lat' dir='ltr'><strong>et</strong></span> <span class='ocrx_word' id='word_1_228' title='bbox 531 2986 634 3045; x_wconf 78' lang='lat' dir='ltr'><strong>incidit</strong></span> <span class='ocrx_word' id='word_1_229' title='bbox 655 2986 686 3046; x_wconf 86' lang='lat' dir='ltr'><strong>in</strong></span> <span class='ocrx_word' id='word_1_230' title='bbox 707 2987 848 3047; x_wconf 85' lang='lat' dir='ltr'><strong>latrones.</strong></span> <span class='ocrx_word' id='word_1_231' title='bbox 891 2982 936 3048; x_wconf 87' lang='lat' dir='ltr'><strong>Et</strong></span> <span class='ocrx_word' id='word_1_232' title='bbox 956 3003 1034 3048; x_wconf 91' lang='lat' dir='ltr'><strong>uere</strong></span> <span class='ocrx_word' id='word_1_233' title='bbox 1054 2983 1130 3067; x_wconf 90' lang='lat' dir='ltr'><strong>ipsa</strong></span> <span class='ocrx_word' id='word_1_234' title='bbox 1153 2982 1207 3047; x_wconf 90' lang='lat' dir='ltr'><strong>uia</strong></span> <span class='ocrx_word' id='word_1_235' title='bbox 1228 2981 1325 3048; x_wconf 89' lang='lat' dir='ltr'><strong>hodic</strong></span> <span class='ocrx_word' id='word_1_236' title='bbox 1348 2982 1533 3071; x_wconf 90' lang='lat' dir='ltr'><strong>periculosa</strong></span> <span class='ocrx_word' id='word_1_237' title='bbox 1554 2992 1613 3065; x_wconf 90' lang='lat' dir='ltr'><strong>est,</strong></span> <span class='ocrx_word' id='word_1_238' title='bbox 1634 2981 1750 3048; x_wconf 82' lang='lat' dir='ltr'><strong>multos</strong></span> <span class='ocrx_word' id='word_1_239' title='bbox 1771 2981 1896 3047; x_wconf 88' lang='lat' dir='ltr'><strong>habens</strong></span> <span class='ocrx_word' id='word_1_240' title='bbox 1919 2982 2072 3048; x_wconf 90' lang='lat' dir='ltr'><strong>latrones.</strong></span> <span class='ocrx_word' id='word_1_241' title='bbox 2106 2961 2192 3080; x_wconf 62' lang='lat' dir='ltr'><strong>De}</strong></span> 
     </span>
     <span class='ocr_line' id='line_1_21' title="bbox 482 3096 2157 3180; baseline -0.001 -19"><span class='ocrx_word' id='word_1_242' title='bbox 482 3096 543 3162; x_wconf 88' lang='grc'><strong>1160</strong></span> <span class='ocrx_word' id='word_1_243' title='bbox 566 3100 669 3163; x_wconf 86' lang='lat' dir='ltr'><strong>eciam</strong></span> <span class='ocrx_word' id='word_1_244' title='bbox 689 3097 797 3162; x_wconf 84' lang='lat' dir='ltr'><strong>Lucas</strong></span> <span class='ocrx_word' id='word_1_245' title='bbox 809 3098 868 3177; x_wconf 74' lang='lat'><strong>²⁵⁵)</strong></span> <span class='ocrx_word' id='word_1_246' title='bbox 889 3099 952 3162; x_wconf 85' lang='lat' dir='ltr'><strong>ait:</strong></span> <span class='ocrx_word' id='word_1_247' title='bbox 974 3101 1098 3160; x_wconf 85' lang='lat' dir='ltr'><strong>Factum</strong></span> <span class='ocrx_word' id='word_1_248' title='bbox 1119 3110 1163 3160; x_wconf 78' lang='lat' dir='ltr'><strong>eat</strong></span> <span class='ocrx_word' id='word_1_249' title='bbox 1183 3111 1293 3174; x_wconf 85' lang='lat' dir='ltr'><strong>antem,</strong></span> <span class='ocrx_word' id='word_1_250' title='bbox 1315 3123 1378 3161; x_wconf 85' lang='lat' dir='ltr'><strong>cum</strong></span> <span class='ocrx_word' id='word_1_251' title='bbox 1399 3107 1657 3180; x_wconf 78' lang='lat' dir='ltr'><strong>appropinquaret</strong></span> <span class='ocrx_word' id='word_1_252' title='bbox 1679 3104 1764 3159; x_wconf 72' lang='lat' dir='ltr'><strong>Iesus</strong></span> <span class='ocrx_word' id='word_1_253' title='bbox 1788 3102 1949 3176; x_wconf 72' lang='lat' dir='ltr'><strong>Hiericho,</strong></span> <span class='ocrx_word' id='word_1_254' title='bbox 1974 3122 2057 3162; x_wconf 84' lang='lat' dir='ltr'><strong>cecus</strong></span> <span class='ocrx_word' id='word_1_255' title='bbox 2077 3103 2157 3160; x_wconf 86' lang='lat' dir='ltr'><strong>sede·</strong></span> 
     </span>
     <span class='ocr_line' id='line_1_22' title="bbox 482 3214 2191 3295; baseline 0.003 -20"><span class='ocrx_word' id='word_1_256' title='bbox 482 3217 533 3275; x_wconf 84' lang='lat' dir='ltr'><strong>bat</strong></span> <span class='ocrx_word' id='word_1_257' title='bbox 551 3237 634 3276; x_wconf 84' lang='lat' dir='ltr'><strong>secus</strong></span> <span class='ocrx_word' id='word_1_258' title='bbox 657 3214 735 3277; x_wconf 78' lang='lat' dir='ltr'><strong>uidm</strong></span> <span class='ocrx_word' id='word_1_259' title='bbox 756 3218 933 3279; x_wconf 85' lang='lat' dir='ltr'><strong>mendicans.</strong></span> <span class='ocrx_word' id='word_1_260' title='bbox 975 3214 1019 3278; x_wconf 83' lang='lat' dir='ltr'><strong>Et</strong></span> <span class='ocrx_word' id='word_1_261' title='bbox 1041 3214 1075 3277; x_wconf 90' lang='lat' dir='ltr'><strong>in</strong></span> <span class='ocrx_word' id='word_1_262' title='bbox 1097 3214 1330 3291; x_wconf 75' lang='lat' dir='ltr'><strong>Cantioie²⁶⁶):</strong></span> <span class='ocrx_word' id='word_1_263' title='bbox 1362 3219 1583 3295; x_wconf 76' lang='lat' dir='ltr'><strong>Quasipalma</strong></span> <span class='ocrx_word' id='word_1_264' title='bbox 1605 3220 1825 3277; x_wconf 78' lang='lat' dir='ltr'><strong>exaltaturum</strong></span> <span class='ocrx_word' id='word_1_265' title='bbox 1847 3219 1879 3277; x_wconf 89' lang='lat' dir='ltr'><strong>in</strong></span> <span class='ocrx_word' id='word_1_266' title='bbox 1903 3217 2002 3278; x_wconf 71' lang='lat' dir='ltr'><strong>Gades</strong></span> <span class='ocrx_word' id='word_1_267' title='bbox 2024 3226 2051 3276; x_wconf 84' lang='lat' dir='ltr'><strong>et</strong></span> <span class='ocrx_word' id='word_1_268' title='bbox 2072 3216 2191 3294; x_wconf 71' lang='lat' dir='ltr'><strong>quasit</strong></span> 
     </span>
     <span class='ocr_line' id='line_1_23' title="bbox 478 3328 2193 3413; baseline 0.001 -22"><span class='ocrx_word' id='word_1_269' title='bbox 478 3333 630 3409; x_wconf 84' lang='lat' dir='ltr'><strong>plantatio</strong></span> <span class='ocrx_word' id='word_1_270' title='bbox 658 3352 726 3392; x_wconf 88' lang='lat' dir='ltr'><strong>rose</strong></span> <span class='ocrx_word' id='word_1_271' title='bbox 756 3335 787 3391; x_wconf 86' lang='lat' dir='ltr'><strong>in</strong></span> <span class='ocrx_word' id='word_1_272' title='bbox 806 3335 957 3399; x_wconf 73' lang='lat' dir='ltr'><strong>Hiericho.</strong></span> <span class='ocrx_word' id='word_1_273' title='bbox 1000 3329 1098 3395; x_wconf 83' lang='lat' dir='ltr'><strong>quta</strong></span> <span class='ocrx_word' id='word_1_274' title='bbox 1129 3331 1232 3405; x_wconf 88' lang='lat' dir='ltr'><strong>eciam</strong></span> <span class='ocrx_word' id='word_1_275' title='bbox 1259 3332 1356 3396; x_wconf 88' lang='lat' dir='ltr'><strong>istam</strong></span> <span class='ocrx_word' id='word_1_276' title='bbox 1386 3332 1455 3413; x_wconf 88' lang='lat' dir='ltr'><strong>uir,</strong></span> <span class='ocrx_word' id='word_1_277' title='bbox 1484 3331 1614 3395; x_wconf 90' lang='lat' dir='ltr'><strong>nomine</strong></span> <span class='ocrx_word' id='word_1_278' title='bbox 1636 3328 1799 3409; x_wconf 89' lang='lat' dir='ltr'><strong>Zacheus,</strong></span> <span class='ocrx_word' id='word_1_279' title='bbox 1827 3329 2021 3396; x_wconf 89' lang='lat' dir='ltr'><strong>desiderans</strong></span> <span class='ocrx_word' id='word_1_280' title='bbox 2046 3328 2193 3393; x_wconf 69' lang='lat' dir='ltr'><strong>uideres</strong></span> 
     </span>
     <span class='ocr_line' id='line_1_24' title="bbox 482 3443 2191 3534; baseline 0.004 -25"><span class='ocrx_word' id='word_1_281' title='bbox 482 3443 588 3510; x_wconf 89' lang='lat' dir='ltr'><strong>Iesum</strong></span> <span class='ocrx_word' id='word_1_282' title='bbox 610 3444 757 3511; x_wconf 88' lang='lat' dir='ltr'><strong>ascendit</strong></span> <span class='ocrx_word' id='word_1_283' title='bbox 778 3448 812 3511; x_wconf 93' lang='lat' dir='ltr'><strong>in</strong></span> <span class='ocrx_word' id='word_1_284' title='bbox 834 3445 984 3512; x_wconf 89' lang='lat' dir='ltr'><strong>arborem</strong></span> <span class='ocrx_word' id='word_1_285' title='bbox 1008 3467 1212 3533; x_wconf 88' lang='lat' dir='ltr'><strong>sycomorum</strong></span> <span class='ocrx_word' id='word_1_286' title='bbox 1224 3448 1291 3527; x_wconf 74' lang='lat'><strong>²⁶⁷).</strong></span> <span class='ocrx_word' id='word_1_287' title='bbox 1334 3447 1447 3513; x_wconf 88' lang='lat' dir='ltr'><strong>Distat</strong></span> <span class='ocrx_word' id='word_1_288' title='bbox 1462 3446 1618 3513; x_wconf 79' lang='lat' dir='ltr'><strong>Hiericho</strong></span> <span class='ocrx_word' id='word_1_289' title='bbox 1640 3468 1661 3512; x_wconf 89' lang='lat' dir='ltr'><strong>a</strong></span> <span class='ocrx_word' id='word_1_290' title='bbox 1681 3444 1822 3513; x_wconf 87' lang='lat' dir='ltr'><strong>Iordane</strong></span> <span class='ocrx_word' id='word_1_291' title='bbox 1843 3445 1908 3512; x_wconf 92' lang='lat' dir='ltr'><strong>duo</strong></span> <span class='ocrx_word' id='word_1_292' title='bbox 1931 3468 2038 3534; x_wconf 91' lang='lat' dir='ltr'><strong>parua</strong></span> <span class='ocrx_word' id='word_1_293' title='bbox 2058 3444 2191 3527; x_wconf 74' lang='lat' dir='ltr'><strong>miliar</strong></span> 
     </span>
     <span class='ocr_line' id='line_1_25' title="bbox 482 3560 1614 3648; baseline 0.004 -22"><span class='ocrx_word' id='word_1_294' title='bbox 482 3561 524 3626; x_wconf 90' lang='lat' dir='ltr'><strong>ab</strong></span> <span class='ocrx_word' id='word_1_295' title='bbox 546 3560 751 3627; x_wconf 87' lang='lat' dir='ltr'><strong>Hierusalem</strong></span> <span class='ocrx_word' id='word_1_296' title='bbox 772 3561 837 3627; x_wconf 88' lang='lat' dir='ltr'><strong>XV</strong></span> <span class='ocrx_word' id='word_1_297' title='bbox 859 3561 950 3628; x_wconf 90' lang='lat' dir='ltr'><strong>milia</strong></span> <span class='ocrx_word' id='word_1_298' title='bbox 969 3561 1141 3648; x_wconf 84' lang='lat' dir='ltr'><strong>gallicana</strong></span> <span class='ocrx_word' id='word_1_299' title='bbox 1608 3631 1614 3638; x_wconf 80' lang='grc'><strong><em>,</em></strong></span> 
     </span>
    </p>

    <p class='ocr_par' dir='ltr' id='par_1_6' title="bbox 480 3672 2193 4919">
     <span class='ocr_line' id='line_1_26' title="bbox 605 3672 2188 3768; baseline -0.001 -26"><span class='ocrx_word' id='word_1_300' title='bbox 605 3675 678 3742; x_wconf 86' lang='lat' dir='ltr'><strong>XII.</strong></span> <span class='ocrx_word' id='word_1_301' title='bbox 720 3677 764 3742; x_wconf 82' lang='lat' dir='ltr'><strong>Et</strong></span> <span class='ocrx_word' id='word_1_302' title='bbox 791 3679 867 3744; x_wconf 90' lang='lat' dir='ltr'><strong>hinc</strong></span> <span class='ocrx_word' id='word_1_303' title='bbox 894 3677 1059 3765; x_wconf 87' lang='lat' dir='ltr'><strong>paululum</strong></span> <span class='ocrx_word' id='word_1_304' title='bbox 1086 3678 1297 3765; x_wconf 89' lang='lat' dir='ltr'><strong>procedentes</strong></span> <span class='ocrx_word' id='word_1_305' title='bbox 1326 3703 1385 3768; x_wconf 88' lang='lat' dir='ltr'><strong>per</strong></span> <span class='ocrx_word' id='word_1_306' title='bbox 1413 3680 1530 3746; x_wconf 90' lang='lat' dir='ltr'><strong>uallem</strong></span> <span class='ocrx_word' id='word_1_307' title='bbox 1558 3678 1690 3766; x_wconf 89' lang='lat' dir='ltr'><strong>planam</strong></span> <span class='ocrx_word' id='word_1_308' title='bbox 1724 3690 1756 3744; x_wconf 91' lang='grc'><strong>61</strong></span> <span class='ocrx_word' id='word_1_309' title='bbox 1775 3701 1924 3744; x_wconf 79' lang='lat' dir='ltr'><strong>surenam</strong></span> <span class='ocrx_word' id='word_1_310' title='bbox 1948 3677 2095 3742; x_wconf 88' lang='lat' dir='ltr'><strong>uenimus</strong></span> <span class='ocrx_word' id='word_1_311' title='bbox 2117 3672 2188 3740; x_wconf 83' lang='lat' dir='ltr'><strong>adl</strong></span> 
     </span>
     <span class='ocr_line' id='line_1_27' title="bbox 482 3790 2158 3883; baseline 0.001 -29"><span class='ocrx_word' id='word_1_312' title='bbox 482 3798 648 3870; x_wconf 82' lang='lat' dir='ltr'><strong>lardanen,</strong></span> <span class='ocrx_word' id='word_1_313' title='bbox 667 3795 723 3880; x_wconf 93' lang='lat' dir='ltr'><strong>qui</strong></span> <span class='ocrx_word' id='word_1_314' title='bbox 743 3803 793 3859; x_wconf 90' lang='lat' dir='ltr'><strong>est</strong></span> <span class='ocrx_word' id='word_1_315' title='bbox 813 3793 931 3859; x_wconf 90' lang='lat' dir='ltr'><strong>fluuius</strong></span> <span class='ocrx_word' id='word_1_316' title='bbox 952 3794 1128 3859; x_wconf 86' lang='lat' dir='ltr'><strong>admodum</strong></span> <span class='ocrx_word' id='word_1_317' title='bbox 1151 3794 1236 3859; x_wconf 90' lang='lat' dir='ltr'><strong>altus</strong></span> <span class='ocrx_word' id='word_1_318' title='bbox 1258 3805 1290 3861; x_wconf 94' lang='grc'><strong>61</strong></span> <span class='ocrx_word' id='word_1_319' title='bbox 1312 3795 1441 3862; x_wconf 89' lang='lat' dir='ltr'><strong>ueloces</strong></span> <span class='ocrx_word' id='word_1_320' title='bbox 1467 3795 1591 3861; x_wconf 89' lang='lat' dir='ltr'><strong>habens</strong></span> <span class='ocrx_word' id='word_1_321' title='bbox 1621 3818 1733 3883; x_wconf 88' lang='lat' dir='ltr'><strong>aquas.</strong></span> <span class='ocrx_word' id='word_1_322' title='bbox 1777 3795 1829 3861; x_wconf 92' lang='lat' dir='ltr'><strong>De</strong></span> <span class='ocrx_word' id='word_1_323' title='bbox 1851 3790 2158 3880; x_wconf 62' lang='lat' dir='ltr'><strong>qquatheus255)</strong></span> 
     </span>
     <span class='ocr_line' id='line_1_28' title="bbox 482 3888 2193 4006; baseline -0.002 -34"><span class='ocrx_word' id='word_1_324' title='bbox 482 3909 543 3973; x_wconf 86' lang='lat' dir='ltr'><strong>ait:</strong></span> <span class='ocrx_word' id='word_1_325' title='bbox 576 3913 662 3972; x_wconf 84' lang='lat' dir='ltr'><strong>Uenit</strong></span> <span class='ocrx_word' id='word_1_326' title='bbox 684 3914 768 3972; x_wconf 76' lang='lat' dir='ltr'><strong>Iecur</strong></span> <span class='ocrx_word' id='word_1_327' title='bbox 800 3934 820 3972; x_wconf 91' lang='lat' dir='ltr'><strong>a</strong></span> <span class='ocrx_word' id='word_1_328' title='bbox 843 3912 964 3974; x_wconf 79' lang='lat' dir='ltr'><strong>Galilea</strong></span> <span class='ocrx_word' id='word_1_329' title='bbox 990 3915 1022 3972; x_wconf 88' lang='lat' dir='ltr'><strong>in</strong></span> <span class='ocrx_word' id='word_1_330' title='bbox 1043 3916 1205 3974; x_wconf 84' lang='lat' dir='ltr'><strong>Jordanem</strong></span> <span class='ocrx_word' id='word_1_331' title='bbox 1233 3919 1276 3974; x_wconf 87' lang='lat' dir='ltr'><strong>ad</strong></span> <span class='ocrx_word' id='word_1_332' title='bbox 1295 3917 1473 3989; x_wconf 70' lang='lat' dir='ltr'><strong>Iohannem,</strong></span> <span class='ocrx_word' id='word_1_333' title='bbox 1501 3925 1532 3975; x_wconf 91' lang='lat' dir='ltr'><strong>ut</strong></span> <span class='ocrx_word' id='word_1_334' title='bbox 1560 3915 1764 3992; x_wconf 78' lang='lat' dir='ltr'><strong>baptizaretur</strong></span> <span class='ocrx_word' id='word_1_335' title='bbox 1792 3916 1828 3973; x_wconf 82' lang='lat' dir='ltr'><strong>ab</strong></span> <span class='ocrx_word' id='word_1_336' title='bbox 1856 3934 1897 3975; x_wconf 87' lang='lat' dir='ltr'><strong>eo.</strong></span> <span class='ocrx_word' id='word_1_337' title='bbox 1945 3911 2043 3977; x_wconf 80' lang='lat' dir='ltr'><strong>Circa</strong></span> <span class='ocrx_word' id='word_1_338' title='bbox 2063 3888 2193 4006; x_wconf 69' lang='lat' dir='ltr'><strong>quem}</strong></span> 
     </span>
     <span class='ocr_line' id='line_1_29' title="bbox 481 4023 2159 4116; baseline -0.002 -27"><span class='ocrx_word' id='word_1_339' title='bbox 481 4023 587 4089; x_wconf 89' lang='lat' dir='ltr'><strong>locum</strong></span> <span class='ocrx_word' id='word_1_340' title='bbox 608 4036 679 4090; x_wconf 89' lang='lat' dir='ltr'><strong>erat</strong></span> <span class='ocrx_word' id='word_1_341' title='bbox 700 4023 837 4111; x_wconf 89' lang='lat' dir='ltr'><strong>quedam</strong></span> <span class='ocrx_word' id='word_1_342' title='bbox 859 4025 996 4091; x_wconf 89' lang='lat' dir='ltr'><strong>ecelesia</strong></span> <span class='ocrx_word' id='word_1_343' title='bbox 1018 4027 1185 4110; x_wconf 87' lang='lat' dir='ltr'><strong>edificata,</strong></span> <span class='ocrx_word' id='word_1_344' title='bbox 1208 4051 1270 4116; x_wconf 89' lang='lat' dir='ltr'><strong>quc</strong></span> <span class='ocrx_word' id='word_1_345' title='bbox 1292 4050 1378 4092; x_wconf 92' lang='lat' dir='ltr'><strong>nunc</strong></span> <span class='ocrx_word' id='word_1_346' title='bbox 1399 4029 1553 4114; x_wconf 89' lang='lat' dir='ltr'><strong>temporis</strong></span> <span class='ocrx_word' id='word_1_347' title='bbox 1573 4028 1641 4092; x_wconf 84' lang='lat' dir='ltr'><strong>fere</strong></span> <span class='ocrx_word' id='word_1_348' title='bbox 1662 4036 1732 4093; x_wconf 89' lang='lat' dir='ltr'><strong>tota</strong></span> <span class='ocrx_word' id='word_1_349' title='bbox 1754 4037 1803 4091; x_wconf 87' lang='lat' dir='ltr'><strong>est</strong></span> <span class='ocrx_word' id='word_1_350' title='bbox 1825 4026 2008 4108; x_wconf 83' lang='lat' dir='ltr'><strong>destructa,</strong></span> <span class='ocrx_word' id='word_1_351' title='bbox 2031 4023 2102 4105; x_wconf 93' lang='lat' dir='ltr'><strong>ubi,</strong></span> <span class='ocrx_word' id='word_1_352' title='bbox 2123 4030 2159 4086; x_wconf 91' lang='lat' dir='ltr'><strong>ut</strong></span> 
     </span>
     <span class='ocr_line' id='line_1_30' title="bbox 483 4136 2192 4231; baseline 0 -28"><span class='ocrx_word' id='word_1_353' title='bbox 483 4138 603 4223; x_wconf 89' lang='lat' dir='ltr'><strong>dicunt,</strong></span> <span class='ocrx_word' id='word_1_354' title='bbox 625 4141 697 4227; x_wconf 88' lang='lat' dir='ltr'><strong>ipse</strong></span> <span class='ocrx_word' id='word_1_355' title='bbox 720 4140 882 4207; x_wconf 89' lang='lat' dir='ltr'><strong>Iohannes</strong></span> <span class='ocrx_word' id='word_1_356' title='bbox 903 4140 1049 4229; x_wconf 89' lang='lat' dir='ltr'><strong>baptista</strong></span> <span class='ocrx_word' id='word_1_357' title='bbox 1068 4142 1251 4230; x_wconf 84' lang='lat' dir='ltr'><strong>baptizauit</strong></span> <span class='ocrx_word' id='word_1_358' title='bbox 1271 4143 1433 4231; x_wconf 90' lang='lat' dir='ltr'><strong>baptismo</strong></span> <span class='ocrx_word' id='word_1_359' title='bbox 1455 4144 1646 4231; x_wconf 87' lang='lat' dir='ltr'><strong>penitencie.</strong></span> <span class='ocrx_word' id='word_1_360' title='bbox 1691 4143 1744 4208; x_wconf 91' lang='lat' dir='ltr'><strong>De</strong></span> <span class='ocrx_word' id='word_1_361' title='bbox 1765 4142 1861 4221; x_wconf 64' lang='lat' dir='ltr'><strong>istob)</strong></span> <span class='ocrx_word' id='word_1_362' title='bbox 1883 4143 1990 4206; x_wconf 90' lang='lat' dir='ltr'><strong>eciam</strong></span> <span class='ocrx_word' id='word_1_363' title='bbox 2012 4141 2057 4204; x_wconf 89' lang='lat' dir='ltr'><strong>ait</strong></span> <span class='ocrx_word' id='word_1_364' title='bbox 2076 4136 2192 4203; x_wconf 75' lang='lat' dir='ltr'><strong>liberi</strong></span> 
     </span>
     <span class='ocr_line' id='line_1_31' title="bbox 483 4253 2159 4347; baseline -0.002 -28"><span class='ocrx_word' id='word_1_365' title='bbox 483 4253 689 4340; x_wconf 70' lang='lat' dir='ltr'><strong>Regrrm²⁶⁹):</strong></span> <span class='ocrx_word' id='word_1_366' title='bbox 712 4263 872 4320; x_wconf 82' lang='lat' dir='ltr'><strong>Descendit</strong></span> <span class='ocrx_word' id='word_1_367' title='bbox 893 4257 1065 4335; x_wconf 86' lang='lat' dir='ltr'><strong>(Naaman,</strong></span> <span class='ocrx_word' id='word_1_368' title='bbox 1086 4261 1239 4347; x_wconf 89' lang='lat' dir='ltr'><strong>princeps</strong></span> <span class='ocrx_word' id='word_1_369' title='bbox 1259 4258 1390 4337; x_wconf 91' lang='lat' dir='ltr'><strong>milicie)</strong></span> <span class='ocrx_word' id='word_1_370' title='bbox 1412 4271 1440 4322; x_wconf 82' lang='lat' dir='ltr'><strong>ct</strong></span> <span class='ocrx_word' id='word_1_371' title='bbox 1461 4262 1537 4322; x_wconf 82' lang='lat' dir='ltr'><strong>lauit</strong></span> <span class='ocrx_word' id='word_1_372' title='bbox 1559 4263 1590 4321; x_wconf 87' lang='lat' dir='ltr'><strong>in</strong></span> <span class='ocrx_word' id='word_1_373' title='bbox 1611 4265 1743 4322; x_wconf 82' lang='lat' dir='ltr'><strong>Iordane</strong></span> <span class='ocrx_word' id='word_1_374' title='bbox 1763 4264 1879 4338; x_wconf 83' lang='lat' dir='ltr'><strong>septies,</strong></span> <span class='ocrx_word' id='word_1_375' title='bbox 1902 4273 1928 4320; x_wconf 84' lang='lat' dir='ltr'><strong>et</strong></span> <span class='ocrx_word' id='word_1_376' title='bbox 1956 4259 2095 4319; x_wconf 74' lang='lat' dir='ltr'><strong>restituta</strong></span> <span class='ocrx_word' id='word_1_377' title='bbox 2117 4265 2159 4316; x_wconf 82' lang='lat' dir='ltr'><strong>est</strong></span> 
     </span>
     <span class='ocr_line' id='line_1_32' title="bbox 481 4368 2192 4458; baseline 0.003 -26"><span class='ocrx_word' id='word_1_378' title='bbox 481 4375 559 4432; x_wconf 86' lang='lat' dir='ltr'><strong>caro</strong></span> <span class='ocrx_word' id='word_1_379' title='bbox 572 4375 635 4433; x_wconf 87' lang='lat' dir='ltr'><strong>eius</strong></span> <span class='ocrx_word' id='word_1_380' title='bbox 658 4378 735 4436; x_wconf 74' lang='lat' dir='ltr'><strong>sieut</strong></span> <span class='ocrx_word' id='word_1_381' title='bbox 757 4396 830 4435; x_wconf 89' lang='lat' dir='ltr'><strong>caro</strong></span> <span class='ocrx_word' id='word_1_382' title='bbox 848 4377 939 4453; x_wconf 84' lang='lat' dir='ltr'><strong>pueri</strong></span> <span class='ocrx_word' id='word_1_383' title='bbox 954 4377 1089 4453; x_wconf 85' lang='lat' dir='ltr'><strong>paruuli.</strong></span> <span class='ocrx_word' id='word_1_384' title='bbox 1133 4373 1236 4458; x_wconf 86' lang='lat' dir='ltr'><strong>Igitur</strong></span> <span class='ocrx_word' id='word_1_385' title='bbox 1258 4384 1290 4438; x_wconf 90' lang='lat' dir='ltr'><strong>et</strong></span> <span class='ocrx_word' id='word_1_386' title='bbox 1310 4396 1371 4439; x_wconf 89' lang='lat' dir='ltr'><strong>nos</strong></span> <span class='ocrx_word' id='word_1_387' title='bbox 1393 4396 1525 4440; x_wconf 89' lang='lat' dir='ltr'><strong>carnem</strong></span> <span class='ocrx_word' id='word_1_388' title='bbox 1545 4376 1711 4440; x_wconf 90' lang='lat' dir='ltr'><strong>interioris</strong></span> <span class='ocrx_word' id='word_1_389' title='bbox 1733 4375 1836 4440; x_wconf 88' lang='lat' dir='ltr'><strong>nostri</strong></span> <span class='ocrx_word' id='word_1_390' title='bbox 1859 4373 2003 4439; x_wconf 91' lang='lat' dir='ltr'><strong>hominis</strong></span> <span class='ocrx_word' id='word_1_391' title='bbox 2032 4368 2159 4436; x_wconf 89' lang='lat' dir='ltr'><strong>restitui</strong></span> <span class='ocrx_word' id='word_1_392' title='bbox 2177 4387 2192 4437; x_wconf 82' lang='grc'><strong>5</strong></span> 
     </span>
     <span class='ocr_line' id='line_1_33' title="bbox 481 4485 2160 4576; baseline -0.001 -26"><span class='ocrx_word' id='word_1_393' title='bbox 481 4495 512 4550; x_wconf 91' lang='lat' dir='ltr'><strong>et</strong></span> <span class='ocrx_word' id='word_1_394' title='bbox 543 4487 692 4553; x_wconf 89' lang='lat' dir='ltr'><strong>mundari</strong></span> <span class='ocrx_word' id='word_1_395' title='bbox 719 4500 887 4576; x_wconf 87' lang='lat' dir='ltr'><strong>sperantes</strong></span> <span class='ocrx_word' id='word_1_396' title='bbox 919 4488 1144 4554; x_wconf 89' lang='lat' dir='ltr'><strong>descendimus</strong></span> <span class='ocrx_word' id='word_1_397' title='bbox 1171 4500 1203 4555; x_wconf 89' lang='grc'><strong>01</strong></span> <span class='ocrx_word' id='word_1_398' title='bbox 1232 4489 1425 4554; x_wconf 90' lang='lat' dir='ltr'><strong>lauabamur</strong></span> <span class='ocrx_word' id='word_1_399' title='bbox 1455 4491 1490 4555; x_wconf 94' lang='lat' dir='ltr'><strong>in</strong></span> <span class='ocrx_word' id='word_1_400' title='bbox 1519 4490 1816 4574; x_wconf 83' lang='grc'><strong>60116110111610,</strong></span> <span class='ocrx_word' id='word_1_401' title='bbox 1848 4491 1906 4556; x_wconf 88' lang='lat' dir='ltr'><strong>sed</strong></span> <span class='ocrx_word' id='word_1_402' title='bbox 1935 4489 2005 4576; x_wconf 92' lang='lat' dir='ltr'><strong>ipsi</strong></span> <span class='ocrx_word' id='word_1_403' title='bbox 2031 4485 2160 4551; x_wconf 86' lang='lat' dir='ltr'><strong>Arabes</strong></span> 
     </span>
     <span class='ocr_line' id='line_1_34' title="bbox 480 4600 2193 4693; baseline 0.003 -28"><span class='ocrx_word' id='word_1_404' title='bbox 480 4601 574 4667; x_wconf 91' lang='lat' dir='ltr'><strong>nobis</strong></span> <span class='ocrx_word' id='word_1_405' title='bbox 604 4602 775 4670; x_wconf 84' lang='lat' dir='ltr'><strong>illudentes</strong></span> <span class='ocrx_word' id='word_1_406' title='bbox 801 4605 952 4670; x_wconf 89' lang='lat' dir='ltr'><strong>balneum</strong></span> <span class='ocrx_word' id='word_1_407' title='bbox 981 4617 1013 4669; x_wconf 89' lang='grc'><strong>61</strong></span> <span class='ocrx_word' id='word_1_408' title='bbox 1040 4606 1158 4693; x_wconf 89' lang='lat' dir='ltr'><strong>ipsum·</strong></span> <span class='ocrx_word' id='word_1_409' title='bbox 1179 4604 1314 4671; x_wconf 89' lang='lat' dir='ltr'><strong>fluuium</strong></span> <span class='ocrx_word' id='word_1_410' title='bbox 1348 4604 1441 4670; x_wconf 87' lang='lat' dir='ltr'><strong>multi</strong></span> <span class='ocrx_word' id='word_1_411' title='bbox 1467 4605 1527 4671; x_wconf 91' lang='lat' dir='ltr'><strong>luti</strong></span> <span class='ocrx_word' id='word_1_412' title='bbox 1557 4609 1732 4673; x_wconf 88' lang='lat' dir='ltr'><strong>iniectione</strong></span> <span class='ocrx_word' id='word_1_413' title='bbox 1758 4606 1983 4673; x_wconf 88' lang='lat' dir='ltr'><strong>turbauerunt.</strong></span> <span class='ocrx_word' id='word_1_414' title='bbox 2034 4600 2193 4670; x_wconf 81' lang='lat' dir='ltr'><strong>Arabiae</strong></span> 
     </span>
     <span class='ocr_line' id='line_1_35' title="bbox 480 4717 2192 4811; baseline -0.001 -30"><span class='ocrx_word' id='word_1_415' title='bbox 480 4719 565 4782; x_wconf 89' lang='lat' dir='ltr'><strong>enim</strong></span> <span class='ocrx_word' id='word_1_416' title='bbox 585 4717 652 4784; x_wconf 91' lang='lat' dir='ltr'><strong>illic</strong></span> <span class='ocrx_word' id='word_1_417' title='bbox 672 4742 773 4805; x_wconf 91' lang='lat' dir='ltr'><strong>usque</strong></span> <span class='ocrx_word' id='word_1_418' title='bbox 795 4721 838 4786; x_wconf 92' lang='lat' dir='ltr'><strong>ad</strong></span> <span class='ocrx_word' id='word_1_419' title='bbox 857 4721 1030 4787; x_wconf 90' lang='lat' dir='ltr'><strong>Iordanem</strong></span> <span class='ocrx_word' id='word_1_420' title='bbox 1052 4720 1266 4807; x_wconf 90' lang='lat' dir='ltr'><strong>protenditur.</strong></span> <span class='ocrx_word' id='word_1_421' title='bbox 1309 4720 1354 4786; x_wconf 81' lang='lat' dir='ltr'><strong>Et</strong></span> <span class='ocrx_word' id='word_1_422' title='bbox 1377 4724 1508 4806; x_wconf 91' lang='lat' dir='ltr'><strong>scitote,</strong></span> <span class='ocrx_word' id='word_1_423' title='bbox 1533 4724 1612 4811; x_wconf 92' lang='lat' dir='ltr'><strong>quia</strong></span> <span class='ocrx_word' id='word_1_424' title='bbox 1631 4745 1698 4788; x_wconf 93' lang='lat' dir='ltr'><strong>non</strong></span> <span class='ocrx_word' id='word_1_425' title='bbox 1719 4723 1816 4809; x_wconf 84' lang='lat' dir='ltr'><strong>longe</strong></span> <span class='ocrx_word' id='word_1_426' title='bbox 1837 4723 1880 4788; x_wconf 91' lang='lat' dir='ltr'><strong>ab</strong></span> <span class='ocrx_word' id='word_1_427' title='bbox 1902 4744 1941 4789; x_wconf 91' lang='lat' dir='ltr'><strong>eo</strong></span> <span class='ocrx_word' id='word_1_428' title='bbox 1966 4720 2038 4786; x_wconf 90' lang='lat' dir='ltr'><strong>loco</strong></span> <span class='ocrx_word' id='word_1_429' title='bbox 2061 4719 2192 4782; x_wconf 84' lang='grc'><strong>1161611</strong></span> 
     </span>
     <span class='ocr_line' id='line_1_36' title="bbox 481 4834 732 4919; baseline 0.016 -23"><span class='ocrx_word' id='word_1_430' title='bbox 481 4834 553 4919; x_wconf 87' lang='lat' dir='ltr'><strong>ipse</strong></span> <span class='ocrx_word' id='word_1_431' title='bbox 574 4834 732 4900; x_wconf 82' lang='lat' dir='ltr'><strong>Iordanis.</strong></span> 
     </span>
    </p>

    <p class='ocr_par' dir='ltr' id='par_1_7' title="bbox 604 4949 2190 5041">
     <span class='ocr_line' id='line_1_37' title="bbox 604 4949 2190 5041; baseline -0.001 -25"><span class='ocrx_word' id='word_1_432' title='bbox 604 4950 694 5016; x_wconf 88' lang='lat' dir='ltr'><strong>XIII.</strong></span> <span class='ocrx_word' id='word_1_433' title='bbox 742 4951 823 5016; x_wconf 88' lang='lat' dir='ltr'><strong>Inde</strong></span> <span class='ocrx_word' id='word_1_434' title='bbox 855 4955 1001 5018; x_wconf 90' lang='lat' dir='ltr'><strong>uenimus</strong></span> <span class='ocrx_word' id='word_1_435' title='bbox 1043 4951 1086 5017; x_wconf 85' lang='lat' dir='ltr'><strong>ad</strong></span> <span class='ocrx_word' id='word_1_436' title='bbox 1119 4951 1284 5039; x_wconf 88' lang='lat' dir='ltr'><strong>quoddam</strong></span> <span class='ocrx_word' id='word_1_437' title='bbox 1317 4964 1466 5041; x_wconf 83' lang='lat' dir='ltr'><strong>stagnum</strong></span> <span class='ocrx_word' id='word_1_438' title='bbox 1500 4954 1730 5020; x_wconf 79' lang='lat' dir='ltr'><strong>fetidissimum</strong></span> <span class='ocrx_word' id='word_1_439' title='bbox 1763 4953 1931 5019; x_wconf 87' lang='lat' dir='ltr'><strong>infernalis</strong></span> <span class='ocrx_word' id='word_1_440' title='bbox 1968 4949 2190 5038; x_wconf 85' lang='lat' dir='ltr'><strong>nigredinis,1</strong></span> 
     </span>
    </p>
   </div>
   <div class='ocr_carea' id='block_1_3' title="bbox 525 5130 2001 5205">
    <p class='ocr_par' dir='ltr' id='par_1_8' title="bbox 525 5130 2001 5205">
     <span class='ocr_line' id='line_1_38' title="bbox 525 5130 2001 5205; baseline -0.001 -21"><span class='ocrx_word' id='word_1_441' title='bbox 525 5160 529 5169; x_wconf 80' lang='grc'><em>·</em></span> <span class='ocrx_word' id='word_1_442' title='bbox 546 5132 573 5202; x_wconf 89' lang='grc'><strong>6)</strong></span> <span class='ocrx_word' id='word_1_443' title='bbox 590 5131 671 5185; x_wconf 77' lang='lat' dir='ltr'><strong>Illaid</strong></span> <span class='ocrx_word' id='word_1_444' title='bbox 685 5134 768 5187; x_wconf 85' lang='lat' dir='ltr'><strong>etiam</strong></span> <span class='ocrx_word' id='word_1_445' title='bbox 785 5133 867 5187; x_wconf 83' lang='lat' dir='ltr'><strong>aliud</strong></span> <span class='ocrx_word' id='word_1_446' title='bbox 883 5132 948 5188; x_wconf 84' lang='grc'><strong>16111</strong></span> <span class='ocrx_word' id='word_1_447' title='bbox 965 5133 997 5189; x_wconf 89' lang='grc' dir='ltr'><strong>Β.</strong></span> <span class='ocrx_word' id='word_1_448' title='bbox 1032 5133 1101 5188; x_wconf 77' lang='lat' dir='ltr'><strong>Illic</strong></span> <span class='ocrx_word' id='word_1_449' title='bbox 1117 5134 1199 5186; x_wconf 88' lang='lat' dir='ltr'><strong>ctiam</strong></span> <span class='ocrx_word' id='word_1_450' title='bbox 1216 5133 1300 5188; x_wconf 84' lang='lat' dir='ltr'><strong>aliud</strong></span> <span class='ocrx_word' id='word_1_451' title='bbox 1315 5133 1365 5189; x_wconf 72' lang='lat' dir='ltr'><strong>m.</strong></span> <span class='ocrx_word' id='word_1_452' title='bbox 1383 5165 1417 5175; x_wconf 98' lang='lat'><em>-</em></span> <span class='ocrx_word' id='word_1_453' title='bbox 1434 5134 1461 5205; x_wconf 90' lang='lat' dir='ltr'><strong>b)</strong></span> <span class='ocrx_word' id='word_1_454' title='bbox 1480 5133 1574 5191; x_wconf 85' lang='lat' dir='ltr'><strong>Verba</strong></span> <span class='ocrx_word' id='word_1_455' title='bbox 1590 5136 1636 5190; x_wconf 89' lang='lat' dir='ltr'><strong>De</strong></span> <span class='ocrx_word' id='word_1_456' title='bbox 1653 5136 1707 5190; x_wconf 85' lang='lat' dir='ltr'><strong>isto</strong></span> <span class='ocrx_word' id='word_1_457' title='bbox 1724 5166 1756 5176; x_wconf 96' lang='lat'>-</span> <span class='ocrx_word' id='word_1_458' title='bbox 1774 5135 1878 5189; x_wconf 80' lang='lat' dir='ltr'><strong>milicie</strong></span> <span class='ocrx_word' id='word_1_459' title='bbox 1893 5150 1947 5191; x_wconf 88' lang='lat' dir='ltr'><strong>om.</strong></span> <span class='ocrx_word' id='word_1_460' title='bbox 1967 5130 2001 5184; x_wconf 90' lang='lat' dir='ltr'><strong>B.</strong></span> 
     </span>
    </p>
   </div>
   <div class='ocr_carea' id='block_1_4' title="bbox 543 5302 1938 5505">
    <p class='ocr_par' dir='ltr' id='par_1_9' title="bbox 543 5302 1938 5505">
     <span class='ocr_line' id='line_1_39' title="bbox 543 5302 1938 5385; baseline 0.001 -24"><span class='ocrx_word' id='word_1_461' title='bbox 543 5304 615 5376; x_wconf 85' lang='grc'><strong>248)</strong></span> <span class='ocrx_word' id='word_1_462' title='bbox 634 5303 739 5380; x_wconf 65' lang='lat' dir='ltr'><strong>suffla]</strong></span> <span class='ocrx_word' id='word_1_463' title='bbox 761 5323 785 5363; x_wconf 92' lang='lat' dir='ltr'><strong>c.</strong></span> <span class='ocrx_word' id='word_1_464' title='bbox 809 5302 894 5375; x_wconf 92' lang='lat' dir='ltr'><strong>VIII,</strong></span> <span class='ocrx_word' id='word_1_465' title='bbox 917 5308 944 5364; x_wconf 86' lang='grc'><strong>3.</strong></span> <span class='ocrx_word' id='word_1_466' title='bbox 1405 5310 1477 5379; x_wconf 90' lang='grc'><strong>254)</strong></span> <span class='ocrx_word' id='word_1_467' title='bbox 1500 5308 1531 5365; x_wconf 86' lang='lat' dir='ltr'><strong>in</strong></span> <span class='ocrx_word' id='word_1_468' title='bbox 1548 5307 1709 5385; x_wconf 82' lang='lat' dir='ltr'><strong>parabola]</strong></span> <span class='ocrx_word' id='word_1_469' title='bbox 1731 5306 1804 5368; x_wconf 88' lang='lat' dir='ltr'><strong>Luc.</strong></span> <span class='ocrx_word' id='word_1_470' title='bbox 1826 5305 1868 5377; x_wconf 85' lang='lat' dir='ltr'><strong>X,</strong></span> <span class='ocrx_word' id='word_1_471' title='bbox 1890 5310 1938 5367; x_wconf 83' lang='lat'><strong>30.</strong></span> 
     </span>
     <span class='ocr_line' id='line_1_40' title="bbox 543 5401 1822 5505; baseline 0.001 -42"><span class='ocrx_word' id='word_1_472' title='bbox 543 5406 613 5474; x_wconf 88' lang='grc'><strong>249)</strong></span> <span class='ocrx_word' id='word_1_473' title='bbox 635 5401 853 5479; x_wconf 81' lang='lat' dir='ltr'><strong>monumentum]</strong></span> <span class='ocrx_word' id='word_1_474' title='bbox 887 5402 935 5461; x_wconf 91' lang='lat' dir='ltr'><strong>Dc</strong></span> <span class='ocrx_word' id='word_1_475' title='bbox 970 5401 1107 5474; x_wconf 75' lang='lat' dir='ltr'><strong>Lanario</strong></span> <span class='ocrx_word' id='word_1_476' title='bbox 1130 5423 1156 5462; x_wconf 85' lang='lat' dir='ltr'><strong>v.</strong></span> <span class='ocrx_word' id='word_1_477' title='bbox 1187 5401 1301 5462; x_wconf 89' lang='lat' dir='ltr'><strong>Toblcr</strong></span> <span class='ocrx_word' id='word_1_478' title='bbox 1404 5433 1477 5505; x_wconf 73' lang='lat'>255)</span> <span class='ocrx_word' id='word_1_479' title='bbox 1498 5429 1608 5505; x_wconf 58' lang='lat' dir='ltr'><strong>Lm]</strong></span> <span class='ocrx_word' id='word_1_480' title='bbox 1630 5429 1750 5502; x_wconf 63' lang='lat' dir='ltr'>XVHL</span> <span class='ocrx_word' id='word_1_481' title='bbox 1774 5435 1822 5491; x_wconf 35' lang='lat'><strong>35,</strong></span> 
     </span>
    </p>
   </div>
   <div class='ocr_carea' id='block_1_5' title="bbox 480 5498 2163 5674">
    <p class='ocr_par' dir='ltr' id='par_1_10' title="bbox 480 5498 2163 5674">
     <span class='ocr_line' id='line_1_41' title="bbox 480 5498 2163 5674; baseline 0.031 -118"><span class='ocrx_word' id='word_1_482' title='bbox 480 5498 612 5672; x_wconf 51' lang='lat' dir='ltr'><strong>Toppbgppj</strong></span> <span class='ocrx_word' id='word_1_483' title='bbox 634 5500 793 5674; x_wconf 37' lang='lat' dir='ltr'><strong>{iniria}</strong></span> <span class='ocrx_word' id='word_1_484' title='bbox 815 5597 871 5672; x_wconf 63' lang='lat' dir='ltr'><strong>XL</strong></span> <span class='ocrx_word' id='word_1_485' title='bbox 896 5605 921 5659; x_wconf 33' lang='lat'><strong>¹·</strong></span> <span class='ocrx_word' id='word_1_486' title='bbox 1405 5557 1477 5627; x_wconf 82' lang='lat'>256)</span> <span class='ocrx_word' id='word_1_487' title='bbox 1510 5553 1542 5611; x_wconf 90' lang='lat' dir='ltr'><strong>in</strong></span> <span class='ocrx_word' id='word_1_488' title='bbox 1577 5552 1718 5628; x_wconf 78' lang='grc'><strong>06111011]</strong></span> <span class='ocrx_word' id='word_1_489' title='bbox 1755 5552 1850 5611; x_wconf 90' lang='lat' dir='ltr'><strong>Immo</strong></span> <span class='ocrx_word' id='word_1_490' title='bbox 1887 5571 1935 5631; x_wconf 87' lang='lat' dir='ltr'><strong>ap.</strong></span> <span class='ocrx_word' id='word_1_491' title='bbox 1970 5550 2069 5610; x_wconf 89' lang='lat' dir='ltr'><strong>lesum</strong></span> <span class='ocrx_word' id='word_1_492' title='bbox 2107 5546 2163 5609; x_wconf 85' lang='lat' dir='ltr'><strong>Sir.</strong></span> 
     </span>
    </p>
   </div>
   <div class='ocr_carea' id='block_1_6' title="bbox 476 5650 1982 6073">
    <p class='ocr_par' dir='ltr' id='par_1_11' title="bbox 541 5650 1969 5975">
     <span class='ocr_line' id='line_1_42' title="bbox 542 5650 1969 5773; baseline 0.002 -16"><span class='ocrx_word' id='word_1_493' title='bbox 542 5700 612 5771; x_wconf 83' lang='lat'>251)</span> <span class='ocrx_word' id='word_1_494' title='bbox 635 5697 770 5773; x_wconf 80' lang='lat' dir='ltr'><strong>Marcus]</strong></span> <span class='ocrx_word' id='word_1_495' title='bbox 787 5696 874 5772; x_wconf 87' lang='lat' dir='ltr'><strong>XIV,</strong></span> <span class='ocrx_word' id='word_1_496' title='bbox 889 5702 915 5759; x_wconf 81' lang='lat'><strong>3.</strong></span> <span class='ocrx_word' id='word_1_497' title='bbox 949 5695 1010 5758; x_wconf 83' lang='lat' dir='ltr'><strong>Sed</strong></span> <span class='ocrx_word' id='word_1_498' title='bbox 1024 5698 1060 5759; x_wconf 83' lang='lat' dir='ltr'><strong>of.</strong></span> <span class='ocrx_word' id='word_1_499' title='bbox 1074 5698 1145 5758; x_wconf 86' lang='lat' dir='ltr'><strong>Luc.</strong></span> <span class='ocrx_word' id='word_1_500' title='bbox 1162 5697 1234 5771; x_wconf 88' lang='lat' dir='ltr'><strong>VH,</strong></span> <span class='ocrx_word' id='word_1_501' title='bbox 1249 5703 1298 5759; x_wconf 81' lang='lat'><strong>37.</strong></span> <span class='ocrx_word' id='word_1_502' title='bbox 1339 5650 1460 5725; x_wconf 75' lang='lat' dir='ltr'><strong>XXIV‘</strong></span> <span class='ocrx_word' id='word_1_503' title='bbox 1482 5655 1527 5712; x_wconf 60' lang='lat'><strong>¹8⁸</strong></span> <span class='ocrx_word' id='word_1_504' title='bbox 1966 5719 1969 5726; x_wconf 86' lang='lat'>&#39;</span> 
     </span>
     <span class='ocr_line' id='line_1_43' title="bbox 542 5764 1937 5874; baseline 0.004 -19"><span class='ocrx_word' id='word_1_505' title='bbox 542 5799 614 5871; x_wconf 89' lang='grc'><strong>252)</strong></span> <span class='ocrx_word' id='word_1_506' title='bbox 635 5798 784 5855; x_wconf 72' lang='lat' dir='ltr'><strong>Iohannes</strong></span> <span class='ocrx_word' id='word_1_507' title='bbox 806 5795 998 5874; x_wconf 76' lang='lat' dir='ltr'><strong>euanpelisto]</strong></span> <span class='ocrx_word' id='word_1_508' title='bbox 1021 5796 1077 5870; x_wconf 89' lang='lat' dir='ltr'><strong>XI,</strong></span> <span class='ocrx_word' id='word_1_509' title='bbox 1102 5801 1149 5859; x_wconf 87' lang='grc'><strong>18.</strong></span> <span class='ocrx_word' id='word_1_510' title='bbox 1403 5771 1474 5842; x_wconf 74' lang='lat'><strong>²57)</strong></span> <span class='ocrx_word' id='word_1_511' title='bbox 1495 5765 1684 5845; x_wconf 54' lang='lat' dir='ltr'><strong><em>mmmmm]</em></strong></span> <span class='ocrx_word' id='word_1_512' title='bbox 1707 5765 1779 5826; x_wconf 72' lang='lat'>1¹⁰⁰·</span> <span class='ocrx_word' id='word_1_513' title='bbox 1801 5764 1890 5840; x_wconf 73' lang='lat' dir='ltr'>XIX’</span> <span class='ocrx_word' id='word_1_514' title='bbox 1910 5770 1937 5828; x_wconf 67' lang='lat'><em>2</em></span> 
     </span>
     <span class='ocr_line' id='line_1_44' title="bbox 541 5881 1835 5975; baseline 0 -20"><span class='ocrx_word' id='word_1_515' title='bbox 541 5897 612 5967; x_wconf 85' lang='grc'><strong>253)</strong></span> <span class='ocrx_word' id='word_1_516' title='bbox 633 5895 786 5971; x_wconf 73' lang='lat' dir='ltr'><strong>Hiericho]</strong></span> <span class='ocrx_word' id='word_1_517' title='bbox 824 5895 860 5955; x_wconf 87' lang='lat' dir='ltr'><strong>V.</strong></span> <span class='ocrx_word' id='word_1_518' title='bbox 888 5894 1002 5959; x_wconf 85' lang='lat' dir='ltr'><strong>Tobler</strong></span> <span class='ocrx_word' id='word_1_519' title='bbox 1028 5893 1061 5957; x_wconf 84' lang='lat' dir='ltr'><strong>C.</strong></span> <span class='ocrx_word' id='word_1_520' title='bbox 1088 5894 1136 5954; x_wconf 88' lang='lat' dir='ltr'><strong>XI</strong></span> <span class='ocrx_word' id='word_1_521' title='bbox 1166 5895 1297 5975; x_wconf 79' lang='lat' dir='ltr'><strong>Topogr.</strong></span> <span class='ocrx_word' id='word_1_522' title='bbox 1403 5885 1475 5956; x_wconf 72' lang='lat'><strong>25⁸)</strong></span> <span class='ocrx_word' id='word_1_523' title='bbox 1498 5881 1647 5958; x_wconf 59' lang='lat' dir='ltr'><strong>Malim]</strong></span> <span class='ocrx_word' id='word_1_524' title='bbox 1669 5881 1728 5955; x_wconf 88' lang='lat' dir='ltr'><strong>III,</strong></span> <span class='ocrx_word' id='word_1_525' title='bbox 1753 5886 1798 5943; x_wconf 75' lang='lat'><strong>13·</strong></span> <span class='ocrx_word' id='word_1_526' title='bbox 1831 5956 1835 5964; x_wconf 77' lang='grc'>,</span> 
     </span>
    </p>

    <p class='ocr_par' dir='ltr' id='par_1_12' title="bbox 476 5992 1982 6073">
     <span class='ocr_line' id='line_1_45' title="bbox 476 5992 1982 6073; baseline 0.003 -22"><span class='ocrx_word' id='word_1_527' title='bbox 476 5992 518 6053; x_wconf 92' lang='lat' dir='ltr'><strong>ll.</strong></span> <span class='ocrx_word' id='word_1_528' title='bbox 541 5996 711 6056; x_wconf 86' lang='grc'><strong>642-669,</strong></span> <span class='ocrx_word' id='word_1_529' title='bbox 1402 5998 1473 6070; x_wconf 87' lang='grc'><strong>259)</strong></span> <span class='ocrx_word' id='word_1_530' title='bbox 1496 5999 1568 6056; x_wconf 83' lang='lat' dir='ltr'><strong>liber</strong></span> <span class='ocrx_word' id='word_1_531' title='bbox 1589 5997 1711 6073; x_wconf 76' lang='lat' dir='ltr'><strong>Repum]</strong></span> <span class='ocrx_word' id='word_1_532' title='bbox 1732 5996 1806 6056; x_wconf 88' lang='lat' dir='ltr'><strong>alter</strong></span> <span class='ocrx_word' id='word_1_533' title='bbox 1827 6017 1851 6057; x_wconf 93' lang='grc'><strong>0.</strong></span> <span class='ocrx_word' id='word_1_534' title='bbox 1875 5995 1912 6056; x_wconf 91' lang='lat' dir='ltr'><strong>V.</strong></span> <span class='ocrx_word' id='word_1_535' title='bbox 1936 6003 1982 6058; x_wconf 90' lang='grc'><strong>14.</strong></span> 
     </span>
    </p>
   </div>
   <div class='ocr_carea' id='block_1_7' title="bbox 0 0 2672 6965">
    <p class='ocr_par' dir='ltr' id='par_1_13' title="bbox 0 0 2672 6965">
     <span class='ocr_line' id='line_1_46' title="bbox 0 0 2672 6965; baseline 0 0"><span class='ocrx_word' id='word_1_536' title='bbox 0 0 2672 6965; x_wconf 95' lang='lat' dir='ltr'><strong> </strong></span> 
     </span>
    </p>
   </div>
  </div>
 </body>
</html>
