5334 6975
1289 719 1329 780 45

477 907 602 973 uadens
624 915 737 970 contra
757 901 942 968 Bethuliam
963 900 1052 963 uenit
1073 919 1164 961 secus
1186 919 1267 961 eam.
1308 897 1353 962 Et
1375 899 1421 962 sic
1443 896 1634 985 oportebat,
1668 897 1744 982 quia
1773 905 1906 982 propter
1927 895 2149 960 difficultatem

476 1023 621 1089 locorum
646 1021 701 1085 uia
729 1019 793 1084 alia
822 1016 897 1082 illuc
916 1037 987 1079 esse
1008 1036 1073 1077 non
1095 1021 1232 1098 poterat.
1275 1013 1327 1077 De
1350 1012 1411 1077 hac
1432 1012 1509 1076 uilla
1531 1012 1672 1076 creditur
1694 1011 1849 1075 oritmdus
1877 1012 1976 1075 fuisse
1998 1011 2149 1075 Heliseus

477 1136 657 1226 propheta,
684 1136 766 1199 sicut
789 1133 906 1198 dicitur
925 1129 973 1193 ΙΙΙ
994 1128 1130 1212 Regum.
1171 1127 1215 1191 Et
1235 1139 1284 1192 est
1304 1130 1338 1192 in
1361 1138 1527 1193 contracta
1548 1125 1620 1208 illa,
1649 1148 1711 1212 que
1732 1136 1870 1191 uocatur
1890 1126 2077 1212 Dothaym,
2102 1126 2149 1191 di-

480 1263 570 1318 stans
599 1251 640 1315 de
663 1252 726 1313 ista
755 1247 833 1312 uilla
859 1269 918 1334 per
941 1243 1081 1308 mediam
1101 1243 1227 1306 leucam
1249 1255 1363 1309 contra
1383 1242 1591 1308 occidentem.
1636 1243 1717 1306 Sunt
1743 1245 1776 1306 iu
1799 1264 1837 1306 ca
1858 1241 2029 1328 columpne
2050 1242 2150 1306 multe

478 1388 659 1432 marmoree
681 1375 712 1429 et
732 1364 824 1428 ruine
846 1382 973 1446 magne,
996 1380 1058 1445 quc
1079 1360 1187 1422 omnia
1209 1358 1382 1424 ostendunt
1400 1382 1472 1424 eam
1493 1380 1563 1422 csse
1585 1358 1771 1443 gloriosam.
1803 1357 1849 1421 Et
1869 1368 1918 1421 est
1938 1359 1971 1420 in
1991 1356 2063 1421 loco
2085 1355 2150 1419 alto

479 1493 512 1548 ct
531 1482 625 1546 firmo
647 1480 718 1543 sita.

602 1596 654 1659 De
676 1590 969 1668 Abelmeula⁸)²³³)
993 1588 1035 1653 ad
1058 1610 1154 1652 unam
1177 1588 1298 1652 bonam
1318 1587 1443 1653 leucam
1466 1602 1616 1653 estmorae
1637 1591 1857 1671 Remulum),
1890 1590 1945 1653 ubi
1965 1586 2074 1652 Iudith
2097 1601 2183 1651 oct

479 1712 558 1778 cidit
573 1710 789 1776 Holofernem.
828 1705 892 1785 Qui
912 1727 1007 1769 mons
1028 1726 1086 1789 per
1108 1715 1209 1769 totam
1232 1705 1299 1768 ferc
1318 1702 1480 1768 Galileam
1493 1704 1630 1784 uidetur,
1653 1704 1788 1791 pulcher
1804 1704 1900 1769 ualde
1915 1714 1946 1768 ct
1963 1705 2149 1782 munitusb).

479 1827 562 1894 Sunt
588 1826 693 1890 adhuc
718 1825 753 1887 in
779 1845 816 1887 ec
845 1821 940 1907 plura
969 1819 1096 1884 edificia
1125 1832 1157 1883 et
1176 1821 1268 1883 ruine
1290 1820 1408 1903 plures.
1450 1820 1489 1883 In
1520 1821 1583 1883 fine
1603 1823 1721 1885 montis
1743 1821 1879 1897 adhuc0)
1902 1819 2068 1884 castellum
2090 1840 2151 1906 pro

478 1945 612 2007 tuitione
633 1941 750 2004 montis
773 1948 820 2002 est
843 1940 975 2001 lactum.
1017 1935 1069 1999 Ibi
1091 1935 1197 1999 adhuc
1219 1945 1294 1998 sunt
1313 1934 1436 1999 indicia
1457 1948 1637 2000 castrorum
1651 1936 1837 2001 Holofernis
1859 1938 1893 1999 in
1915 1957 2029 2021 campo
2050 1955 2152 2020 prope

478 2057 697 2136 Dothaymlil)
728 2065 760 2118 et
781 2053 891 2133 uallis,
924 2054 958 2115 in
983 2073 1048 2136 qua
1074 2073 1109 2115 sc
1136 2051 1218 2114 lauit
1236 2049 1347 2114 Iudith
1376 2061 1407 2114 ct
1434 2072 1531 2135 quam
1561 2054 1692 2137 gyrauit
1719 2054 1753 2116 in
1774 2050 1955 2115 Bethuliam
1977 2048 2151 2114 redeundo.

479 2172 561 2253 Hoc,
583 2181 738 2256 quantum
757 2170 857 2256 potui,
880 2168 1075 2252 inuestigaui
1098 2165 1277 2250 diligenter.
1319 2166 1428 2229 Mansi
1451 2170 1534 2230 enim
1557 2169 1591 2230 in
1606 2168 1773 2253 Dothaym
1796 2190 1861 2230 una
1882 2178 1985 2231 nocte.

601 2285 655 2349 De
676 2284 824 2349 Bethulia
852 2283 894 2346 ad
928 2282 1008 2347 duas
1030 2281 1133 2346 bonas
1155 2281 1264 2344 leucas
1285 2303 1386 2371 supra
1406 2302 1497 2344 marc
1519 2281 1644 2347 Galilcc
1672 2285 1755 2347 inter
1779 2285 1934 2347 orientem
1955 2294 1986 2345 et
2007 2293 2186 2346 austrumt

481 2415 530 2466 est
551 2404 666 2465 ciuitas
687 2373 826 2462 ¹Tiberias
848 2399 990 2484 gloriosa
1011 2396 1152 2478 Galilee‚
1182 2419 1202 2460 a
1225 2418 1288 2482 qua
1307 2418 1397 2459 marc
1418 2395 1542 2461 Galilee
1563 2421 1653 2463 mare
1675 2399 1860 2463 Tiberiadis
1883 2398 2003 2462 dictum
2031 2397 2151 2483 aliquo·

482 2519 570 2582 ciens
597 2516 769 2579 inuenitur.
817 2514 888 2578 Hec
916 2515 1091 2600 antiquitus
1119 2511 1288 2576 dicebatur
1312 2513 1469 2591 Uenerem,
1501 2525 1533 2577 et
1558 2514 1600 2578 ab
1630 2537 1670 2579 ea
1697 2537 1786 2579 mare
1811 2517 1952 2577 Ceaerctlr
1974 2513 2152 2578 dicebatur.

485 2632 557 2713 Que
579 2630 784 2718 postmodum
807 2630 848 2694 ab
870 2628 1002 2693 Herode
1025 2627 1189 2692 tetrarcha
1210 2625 1337 2691 Galilce
1358 2629 1538 2692 instaurata
1559 2628 1602 2693 ad
1623 2629 1775 2695 honorem
1798 2630 1923 2694 Tiberii
1945 2628 2075 2695 Cesaris
2098 2627 2152 2691 Ti-

482 2747 590 2811 berias
621 2757 670 2810 est
695 2746 870 2833 appellata.
911 2744 973 2808 Est
1000 2753 1106 2806 autern
1137 2744 1235 2829 longa
1265 2741 1376 2824 ualde,
1407 2744 1501 2808 iuxta
1526 2743 1614 2808 littus
1644 2748 1744 2810 maris
1766 2768 1824 2832 per
1844 2745 1975 2830 longum
1994 2746 2066 2808 sita.
2109 2744 2154 2807 Et

482 2875 555 2927 sunt
580 2864 615 2925 iu
643 2863 711 2926 eius
742 2860 875 2926 australi
909 2874 1002 2947 parte
1030 2857 1147 2923 balnea
1176 2857 1384 2922 medicabilia
1416 2872 1448 2924 ct
1474 2862 1568 2924 ruine
1585 2861 1703 2943 multe,
1736 2874 1767 2926 et
1788 2884 1904 2947 magno
1927 2861 2032 2946 palme
2054 2860 2153 2925 multe

485 2991 634 3042 crescunt
654 2978 710 3059 ibi,
732 2988 763 3040 ct
786 2987 860 3040 suut
882 2975 928 3039 ibi
949 2977 1042 3039 uince
1064 2985 1095 3039 et
1117 2973 1245 3055 obusta,
1268 2986 1299 3037 et
1319 2985 1408 3038 terra
1429 2976 1559 3061 pinguis
1581 2976 1687 3041 ualde.

605 3093 670 3157 Hic
697 3103 789 3173 nota,
822 3091 908 3175 quod
934 3092 968 3153 in
994 3089 1056 3153 hac
1083 3092 1213 3154 ciuitate
1242 3088 1448 3166 (Tiberiadis
1477 3090 1617 3170 scilicet)
1645 3096 1835 3157 terminatur
1861 3095 1969 3177 regio,
2006 3115 2068 3180 quo
2094 3098 2153 3154 De·

483 3214 595 3290 capolia
624 3208 814 3294 appellatur.
866 3206 957 3270 Dicit
988 3209 1072 3269 enim
1105 3205 1253 3269 dominus
1278 3204 1416 3270 Iacobus
1449 3206 1489 3270 de
1521 3207 1683 3285 Uitriaco,
1715 3209 1903 3294 patriarcha
1929 3207 2153 3272 ierosolimita-

482 3346 541 3388 nus
572 3338 603 3387 et
636 3345 768 3387 romaric
801 3322 886 3386 sedis
916 3322 1127 3406 legatus²⁸⁰)‚
1160 3323 1194 3383 in
1224 3319 1308 3384 libro
1346 3344 1417 3402 suo,
1454 3346 1547 3410 quem
1586 3324 1625 3388 de
1659 3334 1836 3411 conquestu
1868 3325 1964 3389 huius
1995 3334 2081 3388 terre
2109 3325 2154 3387 l'c·

548 3492 575 3555 a)
593 3486 703 3541 adelina
721 3486 760 3541 St.
780 3517 812 3525 -
831 3485 859 3555 b)
876 3492 991 3540 aa’autua
1007 3486 1046 3540 St.
1067 3485 1184 3538 munitus
1202 3482 1228 3537 h.
1247 3515 1280 3523 —
1298 3485 1324 3555 c)
1343 3485 1383 3537 <al
1398 3484 1450 3543 hoc
1468 3491 1507 3545 St,

483 3644 574 3703 horae
603 3641 754 3701 dimidium
781 3641 931 3700 meridiem
953 3660 1053 3699 versus
1074 3640 1168 3698 distat.
1212 3638 1299 3697 Hanc
1402 3649 1474 3719 278)
1495 3665 1576 3703 mono
1596 3645 1740 3720 Remotio]
1763 3644 1900 3705 Bothulio
1921 3653 1966 3702 est
1988 3639 2156 3703 reeensSa·

482 3740 669 3801 Burchardus
698 3761 758 3799 uon
779 3741 854 3799 visit
898 3738 975 3797 Abel
996 3738 1144 3797 Meholam
1168 3758 1233 3796 cum
1254 3756 1298 3796 re·
1340 3746 1403 3803 niu.
1447 3745 1483 3802 V.
1507 3767 1533 3803 v.
1555 3745 1683 3804 Raumer
1700 3766 1729 3823 p.
1755 3750 1810 3805 136
1838 3758 1898 3802 not.
1922 3750 1987 3803 107.
2030 3741 2078 3801 Cf.
2099 3741 2157 3800 uo·

482 3852 564 3900 cente
585 3838 676 3899 Wadi
704 3840 731 3898 el
750 3838 849 3897 Illaleh
876 3857 967 3917 prope
992 3837 1101 3897 Beisan
1124 3855 1299 3915 componere
1341 3843 1446 3902 bioooo
1474 3844 1511 3902 Ν,
1533 3844 1568 3903 F,
1598 3865 1628 3923 p,
1659 3848 1732 3914 443,
1763 3864 1819 3902 van
1846 3843 1884 3902 do
1909 3841 2005 3901 Valde
2031 3863 2059 3921 p.
2088 3845 2156 3901 228.

482 3959 541 3998 non
562 3948 679 3998 ῐθθῦθθῐ
698 3938 827 3997 Rittefflfl
843 3936 905 3995 XV
927 3940 978 4009 (l).
1002 3941 1071 3996 432·
1102 3937 1166 3995 Nec
1188 3934 1299 3993 disten·
1342 3940 1527 4000 Burchardus
1548 3952 1646 4002 autom
1669 3941 1760 4001 Safed
1781 3941 1864 4014 dicit,
1891 3963 1950 4000 uon
1972 3939 2077 3998 Sanhr.
2120 3936 2157 3997 V.

483 4039 517 4096 tit
536 4038 574 4097 ab
597 4057 631 4096 eo
654 4036 885 4109 Vandeveldius,
907 4037 957 4114 qui
968 4034 1094 4094 Khirbet
1115 4031 1300 4094 esch-Schlrk
1341 4040 1494 4099 Robinson
1515 4043 1571 4101 111.
1593 4046 1660 4101 576,
1685 4045 1743 4102 586
1766 4062 1809 4121 oq,

483 4156 575 4216 prope
609 4134 700 4193 Wadi
729 4134 830 4194 Maleo
863 4136 1010 4212 antiquam
1044 4133 1124 4192 Abel
1150 4131 1300 4190 Meholam
1404 4144 1476 4213 279)
1498 4159 1595 4215 propo
1624 4141 1782 4216 Doriopm]
1817 4137 1979 4197 Borohordi
2012 4136 2158 4196 sententia

484 4253 548 4295 esse
570 4235 694 4294 coniicit·
722 4234 795 4291 Mihi
815 4232 932 4312 quidem
951 4233 981 4289 in
1002 4244 1129 4290 mentem
1146 4230 1300 4289 venitKa·
1345 4237 1502 4316 [lothaym¹
1523 4241 1541 4295 i.
1563 4259 1587 4297 e.
1612 4238 1741 4311 bothan,
1764 4247 1809 4297 est
1825 4236 1916 4295 Khrin
1936 4234 2079 4294 Dschubb
2095 4235 2157 4293 Iris·

483 4334 527 4392 litt
555 4333 656 4392 Meiba
682 4354 704 4391 υ.
726 4332 841 4401 Maleh,
871 4331 950 4410 quod
976 4333 1005 4389 in
1034 4328 1230 4388 Vandeveldii
1259 4336 1300 4386 ta·
1344 4337 1397 4398 sut'.
1433 4334 1492 4395 Sed
1514 4358 1615 4396 verum
1635 4336 1840 4396 Tell-Dothtn
1860 4343 1906 4395 est
1926 4335 2017 4393 multo
2042 4334 2158 4412 longius

483 4433 554 4492 bula
573 4451 674 4509 geogr.
697 4431 735 4489 ad
757 4429 846 4488 Wadi
872 4429 971 4489 Malch
992 4430 1171 4508 appositum,
1191 4427 1301 4485 nomini
1344 4436 1382 4494 od
1411 4437 1552 4495 moritiom
1586 4437 1672 4495 situm
1698 4455 1790 4516 propo
1819 4433 1923 4494 Samii,
1970 4433 2007 4493 V.
2029 4454 2087 4492 van
2121 4431 2159 4491 de

483 4530 621 4590 Meholac
643 4532 735 4606 magis
759 4531 845 4588 etium
867 4528 1045 4608 respondere
1062 4525 1183 4586 videtur.
1211 4526 1301 4584 Doni·
1342 4534 1439 4594 Voldo
1460 4534 1549 4594 Mem,
1571 4556 1600 4614 p,
1625 4540 1691 4594 307,
1732 4534 1885 4594 Robinson
1908 4533 1971 4593 Pol,
1993 4533 2051 4592 ΙΙΙ.
2075 4535 2142 4591 576,

483 4651 539 4711 (1¹¹⁰
563 4629 601 4688 cf·
623 4649 651 4686 V·
673 4627 802 4686 Ramnes
823 4648 851 4706 P·
877 4632 948 4701 ¹312
976 4628 1025 4706 (lul
1048 4627 1226 4684 menllffllem
1248 4625 1302 4681 5¹¹st
1407 4637 1478 4706 280)
1501 4634 1645 4692 Dominus·
1667 4636 1793 4692 Iacobus
1815 4636 1850 4691 de
1871 4633 2004 4690 Vitriaco
2021 4631 2159 4707 patriar·

484 4729 607 4789 duorum
635 4728 778 4799 locorum,
805 4727 882 4785 Abel
909 4726 1045 4785 Meholae
1076 4735 1106 4784 et
1131 4724 1301 4790 Abelmssaei
1345 4735 1400 4791 cha
1435 4733 1682 4793 ierosolimitaaas
1716 4741 1743 4791 ct
1776 4753 1898 4791 romane
1928 4732 2006 4790 sedis
2036 4728 2158 4806 loqutus]

484 4827 621 4901 „villulae
643 4828 717 4884 iuter
737 4825 896 4905 Neapolim
917 4837 947 4885 et
965 4825 1186 4905 Scythopolim¹‘
1209 4823 1301 4883 Euse·
1344 4831 1470 4891 Iacobus
1492 4830 1669 4890 deVitriaco
1691 4831 1887 4910 patriarchatu
1901 4828 2160 4907 hierosolymitano

484 4927 533 4986 bio
570 4934 689 4984 auclore
718 4927 799 4985 sitae.
850 4923 911 4984 Sed
940 4924 1086 4984 Abelmea
1118 4933 1164 4982 est
1191 4923 1303 4995 Belum,
1347 4950 1496 5009 nunquam
1517 4930 1634 4989 functus
1656 4943 1709 4989 est.
1753 4929 1873 4990 Electus
1894 4928 2010 5009 quidem
2032 4936 2085 4998 cst,
2107 4924 2160 4985 sed

485 5047 561 5107 quae
582 5028 698 5105 etipsa
720 5027 795 5085 inter
808 5025 967 5103 Neapolim
988 5022 1233 5101 etScythopolim
1248 5024 1304 5081 sita
1346 5049 1451 5087 munus
1472 5030 1533 5087 sive
1554 5031 1713 5098 recusavit,
1734 5030 1796 5087 sive
1819 5048 1837 5085 a
1859 5028 1939 5085 curia
1959 5046 2081 5085 romana
2100 5043 2160 5083 non

486 5136 538 5187 est
566 5158 606 5168 —
633 5126 738 5184 Restat
764 5135 796 5183 ut
828 5124 984 5195 addamus,
1020 5120 1218 5181 burchardum
1249 5142 1304 5180 nec
1347 5128 1533 5186 confirmatus
1566 5147 1621 5187 uec
1652 5127 1742 5204 legati
1775 5126 1889 5206 papalis
1926 5124 2023 5185 officio
2050 5125 2160 5184 solutus

485 5224 637 5297 Belameh,
659 5245 713 5283 nec
733 5224 833 5283 Kal'tt
852 5222 952 5280 Melha
975 5219 1081 5280 adiisse
1102 5220 1203 5281 videri.
1347 5246 1412 5284 esse
1446 5225 1569 5285 videtur.
1620 5225 1691 5284 Vid.
1721 5225 1852 5284 Histoire
1886 5225 2026 5285 litteraire
2060 5223 2097 5283 de
2131 5223 2161 5281 la

550 5330 622 5399 277)
645 5326 692 5382 Dc
713 5322 889 5396 Abstineala]
912 5321 979 5378 Hoc
1001 5321 1066 5378 loco
1087 5321 1176 5396 vulgo
1199 5320 1305 5397 legitur
1346 5325 1461 5382 France
1488 5323 1607 5386 XVIII.
1638 5329 1706 5385 212.
1754 5324 1871 5382 Erravit
1902 5325 1990 5401 igitur
2017 5322 2160 5382 Burchar·

485 5423 629 5496 Abeliua,
650 5442 737 5502 quam
760 5423 912 5481 lectionem
935 5420 1050 5478 Veneta
1071 5432 1194 5498 excepta
1215 5439 1304 5499 supra
1346 5422 1408 5490 dus,
1433 5421 1484 5481 sed
1506 5425 1599 5501 magis
1620 5425 1726 5483 enavit
1748 5421 1963 5502 Staphorstius,
1985 5422 2086 5501 quiin
2107 5418 2160 5477 Hi·

487 5542 604 5602 quoquc
638 5521 658 5599 ξ
689 5530 705 5581 3
740 5521 849 5580 habeut
884 5518 1035 5578 editiones.
1089 5517 1302 5596 Apographum
1346 5524 1434 5580 storia
1457 5521 1844 5598 ecclesiaeHamburgcusis
1861 5522 1957 5580 Partis
1975 5522 1991 5580 Ι
2012 5519 2160 5578 volumine

487 5622 703 5699 hamburgense
725 5621 779 5693 (b.)
800 5618 922 5698 praebet
948 5617 1080 5689 abelina,
1108 5616 1159 5675 scd
1181 5619 1303 5694 margini
1345 5621 1394 5680 III
1416 5641 1444 5699 p.
1457 5625 1514 5680 355
1538 5642 1573 5679 ex
1597 5623 1639 5691 iis,
1661 5640 1736 5699 quae
1758 5620 1838 5699 apud
1855 5619 2055 5679 Burchardum
2074 5617 2161 5677 VIII.

487 5722 645 5799 asedptum
673 5729 732 5779 est:
760 5719 809 5778 uel
838 5717 942 5776 balma.
986 5718 1048 5777 Nos
1069 5719 1118 5776 diu
1140 5718 1303 5779 haesitabo·
1347 5727 1364 5780 l
1390 5720 1538 5796 leguntur:
1566 5721 1648 5777 Dicit
1677 5720 1753 5778 caim
1773 5753 1810 5759 -—
1837 5720 2031 5795 patriarcha.
2062 5715 2160 5792 efficit,

487 5840 559 5891 mus,
580 5818 650 5877 dum
667 5817 882 5896 Staphorstiani
904 5837 992 5896 fluum
1009 5837 1062 5894 per
1078 5838 1109 5876 se
1126 5820 1304 5891 auctoritate,
1347 5815 1546 5876 Burchardum
1568 5818 1669 5878 Iacobi
1691 5818 1728 5877 dc
1745 5817 1874 5877 Vitriaco
1896 5826 2035 5895 tanquam
2056 5835 2163 5894 aequa-

488 5926 548 5977 tum
570 5920 661 5978 literis
684 5939 717 5976 cu
739 5919 769 5976 iu
792 5918 947 5995 scriptione
969 5917 1067 5974 eulina
1087 5919 1225 5995 persuasi,
1249 5919 1304 5977 lec·
1346 5917 1382 5975 lis
1412 5917 1590 5975 mentionem
1619 5918 1724 5976 facere.
1766 5917 1878 5975 Atvero
1903 5914 2064 5975 monachus
2091 5915 2162 5974 Hic·

491 6019 599 6076 tiouem
620 6018 788 6076 Abelmeala
809 6018 1031 6095 praeterremus.
1297 6040 1305 6051 =
1346 6014 1512 6094 rosclymae
1548 6035 1668 6074 versans
1700 6013 1846 6093 quomodo
1882 6022 1996 6092 poterat
2028 6015 2163 6091 ignorare
