5334 6975
1342 666 1399 728 120

498 844 594 909 abus
619 843 721 908 solum
745 844 908 929 indigetis,
932 844 1054 908 scilieet
1076 843 1265 909 obediencia
1286 842 1329 907 ad
1352 843 1532 930 principem
1555 853 1587 908 et
1607 842 1782 909 concordia
1805 843 1847 908 ad
1864 844 2035 910 inuicem.“
2068 843 2114 907 Et
2127 852 2203 908 tunc

533 960 609 1024 feeit
629 962 754 1046 portari
777 982 884 1024 coram
907 959 1055 1024 omnibus
1079 969 1204 1024 centum
1227 961 1366 1044 sagittas
1390 958 1472 1022 bene
1492 958 1611 1043 ligatas
1634 959 1677 1024 ad
1704 962 1843 1024 inuicem
1863 960 1897 1023 in
1917 959 2055 1040 fascem,
2075 968 2108 1023 et
2127 960 2205 1024 fecit

497 1066 605 1180 {dari
627 1077 703 1141 forti
722 1075 853 1156 homini,
875 1085 905 1138 et
928 1075 1105 1156 mandauit,
1128 1074 1214 1162 quod
1234 1076 1400 1160 frangeret
1420 1075 1552 1139 fascem.
1595 1076 1639 1140 Et
1658 1100 1722 1140 nou
1746 1078 1859 1162 potuit.
1903 1075 1947 1139 Et
1966 1075 2042 1139 fecit
2064 1075 2137 1139 dari
2158 1074 2204 1139 al·

498 1193 607 1273 steri,
641 1191 696 1276 qui
717 1213 776 1254 nec
797 1192 947 1275 frangero
968 1193 1087 1276 potuit3
1122 1202 1155 1255 et
1177 1190 1282 1254 adhuc
1302 1191 1415 1271 alteri,
1438 1193 1492 1277 qui
1512 1213 1572 1255 nec
1592 1192 1743 1277 frangere
1765 1194 1876 1277 potuit.
1919 1191 1963 1255 Et
1983 1193 2031 1254 ita
2050 1189 2204 1276 probauit

498 1320 659 1377 rcentum
682 1306 844 1389 homines,
875 1317 906 1370 et
928 1306 1033 1370 nullus
1055 1309 1159 1393 potuit
1180 1301 1340 1391 frangere
1383 1307 1427 1369 Et
1454 1319 1529 1371 tunc
1556 1308 1632 1371 feeit
1659 1306 1739 1371 solui
1761 1308 1882 1371 fascem
1905 1314 1937 1369 et
1960 1305 2033 1369 dari
2054 1307 2202 1391 precepit

496 1419 663 1536 geuilibet
690 1445 787 1485 vnam
818 1424 979 1507 sagittam.
1024 1422 1067 1485 Et
1096 1423 1163 1485 eius
1190 1422 1343 1486 mandato
1373 1421 1507 1505 quilibet
1535 1423 1631 1507 fregit
1659 1446 1757 1486 suam.
1802 1423 1894 1486 'Iunc
1917 1422 2013 1485 dixit:
2046 1420 2203 1502 „Videtis,

531 1537 686 1625 quamdiu
707 1539 836 1600 fuerunt
858 1541 975 1623 sagitte
998 1537 1107 1618 simul,
1136 1548 1261 1601 centum
1292 1538 1436 1601 homines
1466 1561 1530 1601 non
1557 1548 1731 1624 potuerunt
1758 1539 1909 1623 frangere
1930 1559 2044 1614 vnam3
2073 1535 2204 1622 quando

483 1677 513 1727 10
529 1677 608 1718 vero
630 1655 761 1717 fuerunt
783 1658 941 1739 separate,
963 1676 1022 1716 nec
1043 1676 1107 1715 vna
1128 1652 1256 1738 quidem
1279 1656 1443 1717 remansit.
1479 1653 1534 1717 Sic
1555 1666 1586 1717 et
1607 1678 1665 1718 vos
1685 1653 1791 1717 nullus
1812 1654 1931 1739 poterit
1953 1673 2108 1737 superare
2131 1673 2204 1715 con-

483 1791 509 1841 11
531 1769 664 1850 cordes,
697 1768 864 1833 discordes
894 1792 970 1832 vcro
994 1780 1025 1832 et
1046 1768 1168 1831 diuisos
1190 1769 1318 1852 franget
1341 1779 1372 1830 et
1393 1769 1560 1854 superabit
1581 1768 1750 1833 faciliter.“
1793 1769 1885 1832 'I'unc
1907 1768 2039 1831 Tartari
2059 1767 2205 1830 fecerrmt

481 1904 511 1956 12
531 1897 596 1948 tres
618 1896 750 1948 turmas,
793 1884 866 1948 Vna
897 1897 1001 1949 turma
1031 1908 1101 1948 curn
1123 1885 1244 1968 Magno
1267 1884 1361 1950 Chan
1384 1887 1556 1970 occupauit
1577 1884 1747 1950 Cathaiam
1762 1887 1834 1965 ¹⁰¹),
1863 1885 2065 1970 prouinciam
2086 1882 2205 1946 latissi-

530 2023 614 2062 mam
638 2023 739 2085 vsque
761 2000 803 2063 ad
825 2000 971 2064 ultimam
994 2001 1130 2081 Indiam,
1153 2012 1184 2063 et
1206 1999 1393 2063 occiderunt
1415 1999 1460 2063 ibi
1482 2010 1606 2086 prester
1623 2003 1677 2077 ¹⁰²)
1698 1999 1884 2080 Iohannem,
1907 2010 1938 2063 et
1961 2006 2205 2085 occupauerrmt

531 2117 598 2178 eius
629 2118 815 2200 imperium,
850 2128 881 2180 et
906 2118 992 2182 lilius
1014 2118 1126 2202 Magni
1147 2116 1238 2180 Chen
1252 2118 1308 2191 103)
1337 2117 1533 2201 accepit¹⁰⁴l
1564 2116 1663 2179 filtam
1686 2128 1810 2201 prester
1830 2115 1984 2179 Iohannis
2003 2116 2036 2178 in
2057 2135 2204 2195 uorem,

532 2244 564 2294 et
587 2232 645 2294 iuit
665 2230 871 2295 Thancarum
887 2237 957 2313 ¹⁰⁵),
987 2244 1017 2295 et
1041 2233 1270 2298 destruxerunt
1293 2242 1324 2294 et
1346 2232 1643 2295 exterminaucrrmt
1664 2233 1696 2295 in
1717 2231 1866 2318 partibus
1889 2230 1952 2294 illis
1975 2233 2063 2294 circa
2084 2228 2205 2294 duode-

481 2367 510 2417 13
531 2350 593 2410 cim
616 2369 734 2430 magna
756 2369 865 2431 regnu.
910 2349 984 2411 ntia
1005 2360 1110 2410 turma
1132 2347 1283 2410 transiuit
1307 2349 1404 2431 Gyon
1428 2348 1495 2410 siue
1516 2347 1652 2429 Phison,
1676 2349 1809 2412 fluuium
1831 2346 1997 2432 paradisi,
2028 2355 2059 2410 et
2079 2344 2205 2409 destru-

530 2466 579 2526 xit
601 2462 809 2528 Oorazmium
826 2465 879 2540 101)
887 2513 895 2544 ,
919 2463 1033 2527 Medos
1056 2475 1086 2526 et
1106 2463 1225 2526 Persas
1248 2475 1279 2526 ct
1300 2462 1481 2526 Baldacum
1497 2465 1567 2545 ¹⁰⁷),
1602 2464 1710 2527 sedem
1734 2463 2005 2542 Sarracenorum,
2028 2472 2059 2525 et
2078 2460 2204 2526 occide-

529 2589 604 2642 runt
620 2578 768 2658 Calliam,
792 2592 823 2642 et
844 2590 1084 2663 occupauerunt
1106 2578 1303 2642 'I'hurchiam
1326 2591 1357 2641 et
1377 2578 1564 2642 occiderunt
1579 2579 1810 2644 Corazmianos
1830 2601 1950 2658 omnes,
1974 2590 2004 2641 at
2026 2599 2205 2663 occupaue-

530 2705 605 2758 runt
627 2706 657 2758 et
679 2696 981 2758 exterminauerunt
1002 2695 1132 2780 Syriam
1153 2717 1256 2779 vsque
1279 2693 1415 2775 Gazam,
1436 2707 1467 2757 et
1490 2707 1644 2780 ceperunt
1667 2695 1873 2775 lherusalem,
1896 2704 1928 2758 et
1949 2693 2109 2757 dederunt
2131 2715 2203 2757 eam

530 2810 741 2889 Christianis,
772 2821 804 2873 et
825 2821 1067 2894 occupauerunt
1087 2833 1106 2873 a
1127 2811 1208 2873 mari
1232 2809 1325 2873 Indie
1348 2833 1449 2894 vsque
1471 2810 1512 2873 ad
1534 2833 1623 2874 mare
1650 2811 1921 2874 mediterraneum
1942 2832 2044 2893 vsque
2066 2807 2202 2872 Gazam.

480 2932 512 3047 ἒξ
529 2927 579 2990 Ibi
602 2925 767 3011 prohibuit
788 2928 833 2988 eis
855 2948 972 3007 arena,
1002 2948 1042 2988 ne
1062 2934 1195 3011 possent
1216 2927 1356 2989 transire
1380 2927 1412 2989 in
1433 2926 1600 3012 Egiptum.
1643 2931 1764 2991 Omnes
1796 2929 1874 2990 istas
1895 2927 2082 3011 prouincias
2105 2924 2204 3010 depo-

481 3081 512 3131 ,5
529 3041 727 3128 palabantur
751 3042 897 3105 homines
924 3046 1064 3105 inermes
1095 3064 1166 3104 curu
1197 3040 1321 3104 baculis
1354 3053 1385 3105 et
1415 3042 1567 3127 pelliceis.
1623 3043 1732 3129 Aliqui
1764 3053 1890 3105 tautum
1911 3064 2023 3105 eorum
2039 3039 2205 3104 habebant

480 3163 510 3213 17
530 3181 634 3222 arcus.
678 3158 743 3221 Sed
770 3171 801 3221 et
830 3180 929 3244 equos
956 3180 1076 3242 paruos
1106 3159 1249 3243 equitant
1278 3159 1371 3242 quasi
1399 3180 1526 3244 capras.
1570 3160 1625 3223 Ex
1653 3159 1716 3223 hiis
1741 3168 1848 3222 tantus
1868 3160 1921 3233 101)
1945 3156 2060 3220 horror
2081 3156 2204 3219 inuasit

483 3230 511 3280 18
530 3297 639 3339 omnes
669 3275 855 3359 prouincias
884 3272 1070 3353 orientales,
1102 3273 1187 3358 qrrod
1209 3275 1242 3335 in
1265 3273 1412 3359 pluribus
1434 3274 1618 3337 ciuitatibus
1642 3297 1681 3337 ex
1705 3274 1773 3337 solo
1795 3276 1909 3337 timore
1931 3272 2069 3336 nominis
2093 3268 2204 3333 mulie-

478 3386 511 3504 {3
529 3414 580 3454 res
612 3401 807 3476 pregnantes
834 3391 979 3453 feceruut
1000 3389 1192 3453 abortiuum.
1237 3387 1320 3467 Quis
1343 3412 1496 3453 enarrare
1519 3399 1635 3475 potest,
1658 3400 1795 3474 quantas
1816 3388 1911 3453 cedes
1932 3387 2094 3451 f'ecerunt!
2119 3386 2204 3450 Nam

529 3508 608 3570 nulli
630 3507 820 3591 parcebant,
844 3507 905 3569 nisi
927 3505 1030 3569 solum
1054 3507 1257 3571 Christianis.

1147 3688 1235 3752 XIII.
1279 3687 1343 3751 DE
1364 3688 1587 3755 BALIJACO.

497 3868 506 3917 q
655 3838 826 3900 Venientes
849 3848 957 3900 autem
980 3835 1022 3899 ad
1044 3835 1206 3921 quandam
1230 3838 1392 3901 ciuitatem
1413 3860 1514 3923 prope
1535 3838 1675 3918 Baldac,
1697 3838 1753 3901 vbi
1777 3851 1846 3902 erat
1867 3839 2011 3902 maxima
2031 3836 2204 3900 multitudo

529 3953 788 4019 Christianorum
810 3951 954 4015 etmulti
981 3952 1164 4033 Sarraccni,
1187 3952 1356 4015 mandauit
1377 3952 1487 4034 Chan,
1515 3952 1601 4038 quod
1623 3953 1728 4017 nullus
1751 3956 1887 4018 intraret
1910 3954 2022 4018 domos
2045 3951 2204 4017 Christia-

495 4088 658 4149 nnorum,
689 4067 745 4131 sed
766 4067 850 4131 solos
873 4067 1071 4132 Sarracenos
1092 4070 1317 4133 interficerent.
1363 4068 1539 4133 Christiani
1569 4092 1645 4134 vero
1663 4084 1854 4156 receperunt
1876 4072 1970 4156 quasi
1992 4091 2104 4133 omnes
2128 4070 2204 4133 Sar·

495 4204 663 4253 aracenos
695 4185 727 4246 in
757 4183 905 4247 domibus
934 4208 1052 4249 eorum.
1097 4185 1170 4264 Quo
1194 4196 1359 4270 comperto
1382 4185 1549 4249 mandauit
1571 4186 1680 4266 Chen,
1713 4185 1798 4272 quod
1821 4197 1885 4250 tam
1907 4185 2084 4251 Christiani
2108 4207 2206 4271 quam

495 4301 701 4367 tb'arraceni
731 4300 994 4363 interficerentur.
1039 4301 1210 4364 Venientes
1241 4313 1347 4364 autem
1370 4300 1548 4365 Baldacum
1577 4305 1769 4366 inuenerunt
1791 4301 1930 4366 Califam
1951 4300 2149 4364 residentem
2171 4303 2205 4364 in

497 4414 669 4481 arnirabili
699 4414 842 4500 palacio,
876 4415 932 4479 vbi
960 4428 1218 4500 congregauerat
1244 4417 1386 4480 infinitos
1415 4417 1586 4482 thesauros
1604 4421 1666 4495 1111).
1711 4418 1775 4497 Qui
1796 4418 1867 4481 Ileo
1899 4420 2005 4503 ipsum
2028 4426 2207 4480 excecante

496 4530 615 4593 anullo
639 4530 734 4595 modo
757 4544 884 4614 poterat
907 4531 1039 4595 credere
1062 4531 1275 4595 referentibus
1283 4582 1291 4612 ,
1321 4532 1407 4619 quod
1431 4533 1563 4598 Tartari
1586 4537 1766 4597 intrassent.
1811 4532 2129 4618 Comprehendentes
2152 4555 2207 4596 au·

496 4655 593 4710 ttem
622 4669 694 4709 euin
724 4649 868 4710 fecerunt
899 4670 970 4711 cum
1002 4670 1039 4711 co
1071 4647 1298 4728 durissimum,
1328 4648 1385 4711 sed
1413 4651 1530 4713 iustum
1562 4649 1724 4714 iudicium.
1769 4649 1851 4713 Nam
1874 4673 1946 4713 cum
1969 4670 2028 4734 per
2048 4659 2116 4712 tres
2137 4647 2207 4712 dies

529 4761 626 4825 nichil
656 4763 684 4824 ei
716 4761 831 4825 darent
853 4763 895 4826 ad
917 4763 1161 4836 comedendum,
1188 4774 1220 4826 et
1248 4765 1317 4848 ipse
1340 4774 1448 4827 tamen
1472 4777 1595 4850 peteret
1617 4764 1801 4844 comedere,
1832 4774 2008 4849 posuerunt
2036 4786 2148 4828 coram
2170 4787 2207 4829 eo

496 4889 644 4941 taurum
673 4889 703 4939 et
734 4888 903 4962 argentum
934 4889 965 4941 et
991 4877 1115 4963 lapides
1143 4879 1324 4963 preciosos,
1362 4890 1397 4941 vt
1425 4879 1687 4957 comederet¹¹⁰).
1738 4881 1916 4944 Dixerunt:
1947 4878 2022 4960 „Ex
2047 4902 2111 4966 quo
2143 4903 2207 4945 non

594 5051 662 5118 101)
688 5045 826 5120 Catheis]
844 5046 988 5104 Dicuntur
1008 5046 1224 5118 Karakitaiani,
1240 5046 1347 5105 devicti
1455 5052 1524 5123 105)
1550 5048 1747 5123 Thnacarum]
1775 5048 1913 5107 Fortasse
1941 5047 2045 5106 dicitur
2064 5048 2207 5128 Tayaug-

529 5164 606 5202 anuo
632 5149 719 5204 1217.
1390 5144 1487 5221 khan,
1510 5147 1547 5205 de
1568 5168 1626 5226 quo
1649 5145 1706 5205 vid.
1729 5146 1900 5224 Deguignes
1922 5146 1977 5204 III.
2000 5150 2039 5206 42
2061 5167 2104 5226 sq.

1456 5250 1525 5319 106)
1563 5246 1752 5320 Uorazmiam]
1788 5241 1985 5303 Chowaresm.
2042 5244 2111 5305 vid.
2148 5248 2207 5306 De·

1388 5344 1512 5420 guigues
1533 5344 1590 5402 III.
1613 5348 1650 5403 47
1673 5364 1738 5422 sqq.

1456 5445 1523 5515 107)
1545 5443 1718 5517 Baldacma]
1740 5442 1872 5521 Bagdad.

595 5279 661 5349 102)
678 5277 806 5351 prester]
823 5276 1035 5355 presbyterum,
1053 5275 1205 5335 Gallorum
1217 5288 1346 5363 prestre,

523 5376 637 5449 prttre.
660 5373 798 5433 Ceterum
818 5386 930 5454 prester
950 5375 1099 5434 Iohannes
1114 5385 1158 5434 cst
1170 5374 1345 5451 Oak-khan,

528 5473 869 5551 Pfi¹¹⁰⁰l’⁸K⁰fflitamm'
891 5472 960 5532 Vid'
975 5475 1146 5551 Degffignes
1161 5474 1217 5534 HL
1233 5480 1343 5553 lesqq'
1453 5546 1520 5615 108)
1543 5540 1652 5599 Vocab.
1676 5550 1777 5600 tantas
1799 5563 1815 5602 s
1837 5543 2004 5602 coniectura
2019 5544 2208 5605 inserendum

595 5608 663 5680 103)
686 5606 784 5662 Filius
815 5607 922 5682 Magni
945 5606 1029 5664 Chaa
1061 5616 1104 5664 est
1126 5605 1256 5676 'Puschi,
1285 5601 1345 5665 Ts-
1387 5639 1529 5698 duximus·

528 5704 692 5764 mudscbini
714 5704 790 5763 filius
812 5714 882 5763 natu
899 5707 1052 5763 maximus.
1087 5704 1153 5765 Vid.
1173 5706 1345 5782 Doguignes
1456 5740 1524 5809 109)
1548 5740 1622 5796 adeo
1643 5737 1679 5797 G.

529 5804 584 5863 HI·
609 5809 655 5865 ¹9⁹
1453 5842 1521 5907 110)
1547 5836 1699 5895 Vocabula
1720 5840 1771 5894 sed
1783 5858 1894 5912 punem
1915 5837 1961 5896 bis
1982 5837 2073 5898 habet
2093 5836 2141 5912 G,
2163 5859 2208 5901 se·

594 5943 663 6009 104)
684 5939 794 6014 accipit
816 5936 850 5997 G.
1388 5935 1444 5993 mel
1467 5950 1535 5995 ante
1555 5935 1659 5996 vocab.
1681 5937 1823 5994 dixerant
1844 5938 1997 5995 etiterum
2019 5957 2073 5997 suo
2095 5938 2171 5998 loco.
