5334 6975
1430 681 1469 743 48

608 865 745 936 „Nemini
767 864 905 921 dixeritis
925 864 1065 921 nirionem
1089 861 1243 938 ete.“²⁹⁷).
1280 860 1317 924 In
1340 860 1422 946 pede
1443 864 1512 926 eius
1533 858 1750 933 orientali²⁹⁸)
1772 858 1939 923 deseendit
1958 871 2084 925 torrens
2099 860 2199 927 Cison
2214 860 2280 943 ille,

608 978 641 1039 in
664 999 727 1060 quo
748 977 944 1052 Baracum)
966 977 1125 1061 pugnauit
1146 987 1259 1042 contra
1281 974 1436 1058 Sisaram,
1459 986 1491 1040 et
1512 977 1590 1040 uicit
1610 998 1681 1039 eum
1703 985 1734 1038 et
1755 974 1889 1059 firgauit.

733 1092 875 1156 Torrens
903 1091 1161 1173 11111011ωο00),
1190 1091 1342 1157 collectus
1369 1091 1410 1156 de
1439 1094 1532 1177 aquis
1559 1088 1757 1178 pluuialibus
1788 1093 1906 1155 montis
1929 1090 2039 1157 Tabor
2069 1100 2100 1154 et
2121 1090 2279 1170 Hermon,

608 1208 773 1274 deseendit
801 1216 914 1270 contra
940 1228 1028 1269 mare
1051 1205 1193 1288 Galilee,
1220 1218 1251 1271 et
1278 1209 1377 1271 intrat
1402 1207 1482 1271 illud
1493 1209 1550 1285 001)
1581 1210 1674 1272 iuxta
1702 1215 1842 1269 castrum
1865 1208 2075 1288 uernis-³⁰²),
2112 1205 2197 1292 quod
2218 1205 2282 1269 fuit

607 1323 767 1409 hospitale
791 1324 894 1386 sancti
916 1322 1080 1386 Iohannis.

559 1440 590 1490 10
731 1440 784 1502 De
813 1448 920 1502 monte
943 1437 1056 1501 Tabor
1082 1460 1179 1501 unam
1202 1437 1327 1501 leucam
1349 1447 1463 1504 contra
1484 1461 1595 1503 eurum
1617 1448 1666 1502 est
1685 1438 1763 1502 uilla
1783 1439 1970 1515 Endor³⁰³),
1999 1440 2033 1501 in
2054 1448 2161 1502 monte
2182 1440 2246 1501 sita
2254 1443 2279 1512 ¹)

606 1557 801 1632 Hermoniob)
818 1558 937 1617 modico.
976 1552 1040 1632 Qui
1055 1554 1267 1618 Hermoninm
1288 1575 1353 1618 non
1375 1565 1423 1618 est
1444 1577 1535 1619 mons
1558 1577 1617 1641 per
1636 1577 1679 1636 se,
1703 1554 1760 1618 sed
1774 1556 1867 1640 quasi
1881 1565 1987 1617 tumor
1998 1554 2129 1638 quidam
2147 1554 2281 1618 ueniens

608 1672 648 1737 de
663 1682 771 1736 monte
790 1670 935 1734 Hermon
958 1678 1070 1733 contra
1092 1680 1234 1733 montem
1255 1669 1366 1734 Tabor
1386 1680 1418 1733 et
1439 1670 1542 1734 illiso
1564 1672 1771 1755 coniungens.
1813 1670 1857 1734 Et
1883 1671 1917 1733 in
1939 1692 1975 1756 eo
1998 1680 2047 1733 est
2068 1669 2146 1733 uilla
2165 1667 2281 1733 Endor

608 1789 686 1868 sita,
714 1786 754 1849 de
781 1808 845 1869 qna
876 1785 993 1851 dieitur
1026 1786 1059 1847 in
1087 1785 1299 1870 psalmo³⁰⁴):
1327 1790 1541 1865 Disperierunt
1572 1790 1603 1847 in
1627 1791 1739 1848 Endon.
1782 1786 1820 1850 In
1841 1785 1903 1849 hac
1924 1784 2001 1849 uilla
2023 1786 2141 1848 mansit
2163 1782 2279 1848 mulier

608 1902 732 1967 habens
760 1902 952 1987 pythonem,
986 1923 1047 1985 que
1075 1900 1119 1963 ad
1145 1902 1337 1964 instanciam
1360 1901 1437 1965 Sarni
1460 1899 1642 1965 Samuelem
1672 1903 1856 1983 suscitauit,
1889 1910 1923 1964 ut
1950 1900 2068 1965 dicitur
2091 1901 2195 1985 primo
2218 1899 2280 1962 Re-

607 2041 685 2103 gum
699 2020 768 2086 000).
812 2017 876 2097 Qui
899 2016 1042 2102 sepultus
1065 2029 1114 2079 est
1132 2019 1166 2080 in
1185 2016 1400 2102 Ranrathaym
1424 2016 1647 2102 Sophimfere
1669 2016 1813 2081 adduas
1836 2017 1939 2081 dietas
1961 2016 2092 2080 deloco
2114 2015 2178 2080 1110.

558 2139 587 2188 ll
732 2135 784 2197 De
806 2132 969 2196 Nazareth
999 2131 1125 2195 duabus
1154 2131 1270 2212 leucis,
1302 2132 1342 2196 de
1375 2144 1482 2196 monte
1504 2132 1615 2196 Tabor
1636 2133 1709 2219 plus
1732 2155 1796 2197 una
1819 2146 1930 2197 contra
1951 2143 2096 2196 austrum
2116 2142 2165 2195 est
2186 2154 2281 2194 mons

607 2258 741 2315 Hermon
761 2251 936 2324 nitran-³⁰⁰),
956 2248 990 2310 in
1014 2250 1103 2310 euius
1126 2246 1226 2311 latere
1252 2247 1429 2333 aquilonali
1450 2259 1498 2312 est
1519 2250 1634 2313 ciuitas
1657 2250 1833 2331 Napm307),
1856 2262 1930 2313 ante
1951 2249 2041 2312 cuius
2063 2258 2188 2332 portam
2211 2247 2281 2310 Do-

608 2371 713 2433 minus
734 2366 834 2429 lilium
856 2363 954 2427 uidue
976 2365 1153 2427 suscitauit.

731 2481 774 2546 Et
795 2479 981 2544 extenditur
1002 2502 1095 2543 mons
1115 2482 1177 2543 iste
1198 2480 1231 2542 in
1251 2478 1452 2562 longitudine
1473 2480 1541 2544 fere
1561 2491 1698 2565 quatuor
1719 2480 1819 2543 leucis
1842 2490 1954 2545 contra
1976 2501 2065 2543 mare
2090 2477 2225 2559 Galilee,
2248 2491 2282 2543 et

607 2600 799 2663 terminatur
820 2618 884 2658 non
906 2594 1001 2678 longe
1023 2617 1043 2657 a
1064 2594 1134 2658 loco
1157 2593 1228 2675 illo,
1250 2594 1306 2658 ubi
1328 2594 1486 2659 Iordanes
1508 2595 1624 2660 fluuius
1647 2595 1810 2681 egreditur
1831 2619 1851 2659 a
1873 2598 1955 2660 mari
1977 2594 2113 2660 Galilee.

921 2776 1087 2841 INCIPIT
1111 2775 1275 2842 TERCIA
1296 2775 1465 2841 DIUISIO
1488 2776 1671 2857 QUARTE
1694 2776 1974 2842 ORIENTALIS.

577 2927 587 2976 1
734 2910 803 2973 VII.
846 2910 884 2972 In
907 2909 1009 2972 tercia
1030 2909 1188 2972 diuisione
1211 2916 1324 2993 quarte
1345 2909 1519 2991 orientalis,
1540 2932 1601 2996 que
1624 2909 1770 2997 procedit
1792 2924 1904 2973 eorrtra
1925 2919 2049 2990 notum,
2078 2911 2183 2995 primo
2206 2922 2283 2995 post

609 3030 721 3092 Ace-on
746 3027 885 3090 occurrit
909 3026 1014 3110 prima
1036 3047 1113 3109 pars
1135 3025 1254 3087 montis
1279 3027 1410 3086 Carmeli
1432 3025 1475 3088 ad
1496 3037 1632 3109 quatuor
1659 3027 1768 3091 leucas
1797 3025 1837 3089 de
1859 3024 1978 3089 Accon.
2021 3023 2086 3088 Ubi
2107 3023 2198 3088 locus
2220 3033 2281 3104 est,

609 3147 642 3207 in
673 3164 736 3229 quo
758 3140 871 3205 Helias
901 3140 1061 3227 propheta
1090 3139 1209 3203 occidit
1238 3138 1421 3203 sacerdotes
1444 3140 1540 3222 Baal,
1569 3144 1602 3205 in
1629 3152 1772 3206 torrente
1794 3141 1910 3222 Oison,
1943 3150 1978 3203 ut
2009 3138 2128 3204 dicitur
2148 3139 2198 3204 111
2219 3138 2282 3203 Re·

609 3259 763 3345 gummi).
806 3257 870 3337 Qui
893 3260 996 3321 eciam
1018 3256 1138 3320 ibidem
1161 3267 1234 3341 post
1256 3254 1418 3318 modicum
1441 3259 1586 3341 spacium
1610 3280 1699 3321 mare
1720 3279 1871 3341 magnum
1893 3254 2074 3340 ingreditur
2095 3277 2194 3318 unam
2215 3254 2282 3318 leu-

608 3398 680 3440 cam
701 3397 720 3437 a
744 3375 873 3437 ciuitate
895 3371 1043 3458 (iaypha,
1066 3371 1123 3435 scd
1145 3373 1212 3434 fere
1232 3383 1298 3434 tres
1320 3394 1340 3434 a
1363 3372 1493 3434 ciuitate
1516 3376 1696 3437 acconensi.

730 3489 777 3554 Et
796 3502 873 3553 nota
894 3487 934 3552 de
955 3492 1017 3552 isto
1037 3498 1179 3551 torrente
1203 3490 1303 3562 cison,
1327 3484 1428 3572 quod,
1457 3485 1533 3551 licet
1555 3491 1588 3551 in
1610 3491 1656 3553 rei
1677 3492 1813 3553 ueritate
1835 3486 1984 3551 uideatur
2007 3497 2038 3550 et
2060 3486 2186 3550 dicatur
2209 3509 2283 3551 esse

609 3630 706 3687 unus,
737 3604 908 3690 dupliciter
934 3614 1043 3667 tamen
1073 3605 1248 3689 accipitur,
1280 3603 1355 3688 quia
1386 3601 1557 3688 dupliciter
1586 3606 1693 3668 currit.
1735 3603 1854 3689 Aliqua
1876 3606 1960 3668 enim
1983 3625 2060 3689 pars
2083 3604 2152 3667 eins
2177 3604 2280 3667 currit

610 3733 722 3787 contra
744 3719 930 3785 orientalem
951 3718 993 3782 ad
1015 3740 1104 3781 mare
1126 3716 1266 3797 Gallice,
1296 3717 1406 3803 aliqua
1438 3720 1538 3781 currit
1568 3729 1680 3783 contra
1712 3719 1910 3783 occidentem
1940 3720 1982 3784 ad
2003 3741 2093 3783 mare
2114 3741 2280 3803 magnum.

608 3837 652 3902 Et
673 3838 733 3902 hec
757 3836 929 3899 diuersitas
952 3857 1065 3898 cursus
1088 3833 1182 3896 huius
1204 3856 1246 3895 ex
1268 3854 1304 3895 eo
1326 3833 1476 3916 contigit,
1510 3835 1596 3919 quod
1625 3859 1713 3901 mons
1736 3836 1847 3901 Tabor
1868 3846 1900 3899 et
1921 3857 2012 3899 mons
2036 3835 2198 3913 [Hermon]
2212 3836 2282 3915 000),

610 3976 681 4018 eum
710 3975 774 4015 non
805 3951 900 4036 longe
921 3949 1040 4013 distent
1070 3947 1112 4011 ab
1134 3949 1287 4027 inuicem,
1319 3950 1542 4012 transmittunt
1571 3951 1613 4014 ad
1636 3974 1669 4014 so
1691 3954 1827 4016 inuicem
1855 3964 2011 4017 tumorem
2035 3949 2214 4038 quendam,
2249 3961 2284 4013 nt

609 4069 782 4134 uideantur
810 4069 903 4153 qnasi
931 4066 1111 4130 continuari
1140 4065 1173 4127 in
1203 4062 1285 4148 pede
1313 4065 1430 4126 montis
1459 4066 1632 4152 utriusque.
1675 4068 1771 4146 Quin)
1800 4080 1905 4132 tumor
1927 4069 2030 4130 maior
2052 4077 2101 4130 est
2123 4088 2164 4129 ex
2186 4076 2282 4151 parto

677 4236 704 4297 a)
724 4233 752 4284 in
769 4238 857 4284 moreto
873 4232 929 4283 sito
948 4247 999 4284 om.
1019 4227 1059 4282 st.
1079 4258 1111 4267 -
1127 4226 1156 4295 b)
1175 4227 1342 4280 hemionium
1361 4224 1400 4279 St.
1419 4257 1450 4265 —
1469 4229 1494 4299 c)
1513 4231 1577 4295 prtia
1594 4229 1632 4284 st.
1653 4233 1700 4297 «nri
1716 4229 1742 4287 h.

673 4390 744 4459 297)
766 4385 915 4459 uisionenr]
938 4382 974 4443 V.
995 4382 1098 4440 Matth.
1119 4381 1224 4440 XVII.
1247 4386 1273 4441 9.
1529 4389 1599 4457 301)
1622 4384 1652 4441 in
1667 4385 1794 4460 psalmo}
1817 4389 1854 4445 82
1877 4385 1942 4455 (33)
1962 4405 1990 4444 v.
2016 4390 2059 4443 ll.

672 4487 742 4553 293)
765 4485 803 4539 In
827 4486 904 4557 pede
930 4483 992 4539 eius
1013 4480 1161 4554 orientale]
1191 4480 1228 4540 V.
1250 4479 1344 4537 Ritter
1365 4478 1424 4538 XV
1530 4502 1601 4571 305)
1621 4500 1721 4574 primo
1742 4500 1862 4575 Qum]
1886 4505 1933 4572 23²
1958 4506 1972 4558 7
1997 4519 2058 4577 sqq,

610 4584 663 4654 (l).
686 4585 753 4641 39²·
1128 4677 1133 4690 1
1531 4617 1602 4685 300)
1623 4617 1756 4671 Hermon
1785 4614 1887 4689 minor]
1921 4634 1998 4672 nunc
2025 4610 2173 4673 llsehebel
2194 4611 2282 4672 Dahl.

672 4684 744 4749 299)
765 4680 795 4736 100
817 4698 873 4756 100
887 4678 1020 4753 3070011
1043 4677 1080 4736 V·
1098 4677 1192 4735 Emer
1208 4675 1268 4734 XV
1284 4678 1334 4748 lll·
1357 4680 1424 4736 ²47·
1468 4711 1503 4772 V.
1523 4732 1580 4770 van
1601 4712 1637 4771 de
1664 4711 1756 4770 Velde
1778 4712 1901 4771 Memoir
1920 4734 1948 4791 p.
1973 4716 2040 4772 321.

673 4782 744 4850 300)
769 4780 901 4835 Terrena
923 4778 977 4835 iste
1002 4776 1098 4850 Cleon]
1118 4775 1252 4835 Kischon
1273 4773 1424 4834 Hebraeo·

609 4898 688 4947 rum,
710 4896 811 4934 recens
833 4876 963 4946 Heium,
990 4896 1013 4933 s.
1035 4873 1119 4933 Nahr
1140 4873 1331 4932 elMeebatta
1350 4873 1425 4943 (Ma-

610 4974 705 5048 kstta)
727 4975 762 5032 V.
786 4995 844 5032 van
866 4973 903 5032 de
920 4971 1016 5032 Velde
1036 4972 1160 5031 Memoir
1180 4992 1209 5051 p.
1233 4975 1306 5039 329,
1331 4970 1426 5030 Rittor

610 5073 671 5131 XV
693 5077 745 5147 (Γ,
771 5079 816 5134 19,
840 5077 908 5141 296,
929 5092 957 5131 γ,
980 5070 1109 5129 Ramnes
1130 5091 1158 5149 p·
1181 5076 1228 5130 44·
1528 5052 1599 5122 308)
1622 5048 1742 5124 Reputo]
1765 5047 1887 5110 XVIII.
1911 5055 1957 5110 40.

674 5176 729 5232 301
736 5210 744 5241 ,
773 5171 922 5229 desceredil
949 5202 990 5212 -
1019 5178 1045 5227 el
1067 5170 1162 5227 intrat
1184 5167 1268 5242 illud]
1295 5167 1425 5238 Minime,
1530 5177 1602 5245 309)
1622 5179 1650 5228 et
1670 5189 1751 5227 ertone
1773 5170 1923 5246 [Hermon]
1946 5171 2004 5230 Pro
2026 5168 2129 5230 vocab.
2148 5169 2283 5231 Hermon

610 5270 663 5329 sod
692 5290 772 5328 mare
793 5289 932 5346 magnum
953 5269 1048 5327 intrat.
1091 5266 1137 5328 cf.
1164 5286 1239 5346 quae
1256 5264 1294 5323 ad
1316 5265 1385 5326 VII.
1410 5272 1422 5327 1
1468 5268 1653 5327 Burebardus
1680 5278 1730 5326 aut
1758 5272 1886 5348 scripsit,
1924 5280 1975 5327 aut
1999 5267 2125 5328 scribere
2153 5266 2284 5328 debebat

609 5368 821 5427 annotavimus.
1467 5366 1581 5427 Gelboe
1613 5369 1642 5441 (i.
1662 5386 1686 5427 e.
1710 5365 1838 5439 Gilboa).
1880 5368 2013 5427 Hermon
2045 5369 2122 5426 enim
2144 5376 2174 5425 et
2195 5367 2284 5444 longe

653 5469 725 5539 302)
747 5466 877 5541 Belueir]
906 5464 1036 5535 Bolvoir,
1063 5462 1142 5542 quod
1164 5462 1287 5523 Carolus
1309 5481 1328 5520 a
1348 5462 1426 5523 Ruu-
1467 5465 1556 5524 distat
1583 5484 1602 5523 a
1621 5475 1720 5524 monte
1742 5465 1857 5536 Tuber,
1889 5486 1984 5545 neque
2006 5466 2186 5524 Hermonem
2208 5467 2285 5525 inter

610 5585 674 5625 mer
694 5585 759 5623 eum
781 5573 897 5622 recente
911 5563 988 5621 Kafr
1008 5562 1176 5635 elKomab,
1197 5562 1247 5619 alii
1262 5580 1329 5619 cnm
1343 5560 1426 5620 Kau-
1467 5573 1497 5623 et
1524 5563 1673 5622 'faborem
1700 5566 1851 5623 interiacet
1877 5566 2010 5625 Hermon
2040 5564 2134 5622 minor
2163 5584 2185 5622 s.
2207 5562 2284 5623 Her-

610 5662 671 5722 kab
690 5660 826 5722 el-Hawa
840 5670 1025 5740 componunt.
1048 5660 1086 5720 V.
1097 5682 1154 5719 von
1167 5659 1296 5718 humer
1312 5679 1342 5737 p.
1361 5664 1425 5730 108,
1466 5664 1608 5734 monium,
1639 5673 1669 5720 ut
1696 5664 1726 5720 in
1753 5664 1941 5742 sequentibus
1971 5663 2058 5721 tradit
2085 5663 2223 5740 scriptor,
2252 5659 2283 5720 id

611 5759 735 5820 Wilken
746 5759 931 5821 tzalmam
948 5758 1371 5833 nota50‚RitterXV(l).403
1382 5777 1424 5836 sq.
1466 5760 1559 5841 qnod,
1593 5761 1619 5819 si
1650 5764 1818 5839 corrigimus
1845 5761 1974 5834 Gelbes,
2006 5762 2116 5841 optime
2148 5758 2280 5838 quadrat.

673 5861 744 5933 303)
768 5859 880 5934 Endon]
906 5856 1106 5917 nuncEndsn.
1140 5855 1177 5921 V.
1201 5877 1258 5916 van
1277 5856 1314 5915 de
1331 5854 1427 5914 Velde
1468 5859 1522 5917 Est
1549 5859 1577 5918 b.
1600 5859 1619 5918 1.
1647 5859 1780 5938 sphalma
1806 5871 1857 5918 aut
1883 5859 2004 5932 librarii,
2036 5867 2087 5918 aut
2110 5856 2281 5917 Barchardi.

610 5955 734 6016 Memoir
753 5979 780 6036 p.
802 5962 869 6031 310,
887 5978 915 6016 v.
936 5956 1064 6015 Raumer
1081 5977 1111 6036 p.
1137 5960 1204 6017 112.
1470 5957 1562 6016 Uncis
1587 5959 1674 6034 igitur
1700 5957 1869 6016 inclusimus
1890 5957 1992 6016 vocab.
2016 5957 2156 6016 Hermon

1528 4832 1599 4902 307)
1621 4828 1728 4904 Napai]
1752 4828 1847 4906 Natu,
1868 4849 1945 4886 nune
1967 4827 2054 4886 Nein.
2097 4826 2133 4886 V.
2152 4848 2180 4887 v.
2203 4826 2282 4886 Rau·

1465 4947 1527 4985 mer
1547 4947 1575 5005 p.
1603 4932 1667 5001 119,
1691 4946 1747 4984 van
1770 4925 1807 4993 de
1827 4925 1922 4986 Velde
1944 4925 2067 4985 Hemoir
2088 4947 2115 5004 p.
2138 4930 2207 4987 330.
