5334 6975
1301 672 1340 731 73

479 851 620 933 (1111510),
649 872 710 936 que
738 850 861 913 faciunt
887 847 917 911 V
945 846 1184 929 milliaria⁵¹¹);
1217 856 1249 911 et
1276 848 1338 911 iste
1366 846 1426 910 fuit
1456 846 1596 911 ambitus
1628 849 1767 913 ciuitatis
1798 860 1943 936 tempore
1969 853 2155 924 mersionis,

479 990 542 1055 que
562 968 650 1031 sacta
671 976 721 1031 est
742 987 801 1052 per
821 964 995 1044 Romanos,
1019 964 1102 1026 sicut
1122 961 1202 1026 dicit
1222 962 1388 1048 Iosephus.
1432 962 1498 1026 Sed
1518 973 1633 1049 postea
1654 962 1833 1028 Christiani
1855 966 2019 1030 ciuitatem
2042 968 2155 1054 ampli-

477 1082 704 1177 licauerunt⁸),
736 1078 935 1144 includentes
956 1078 1064 1143 locum
1087 1077 1228 1163 sepulcri
1249 1077 1395 1142 Domini.
1437 1078 1528 1143 Dicit
1549 1081 1633 1143 enim
1658 1079 1853 1144 uenerabilis
1876 1080 2025 1147 dominus
2047 1095 2079 1148 et
2099 1108 2156 1171 pa·

479 1210 529 1263 ter
549 1196 688 1263 Iacobus
712 1195 752 1260 de
773 1194 930 1277 Uitriaoo,
951 1192 1225 1259 ierosolimitanus
1248 1194 1522 1279 patriarcha⁵1²)‚
1544 1195 1579 1258 in
1600 1193 1683 1258 libro
1705 1217 1778 1273 suo,
1800 1218 1894 1281 quem
1915 1197 1955 1261 de
1977 1212 2154 1286 conquesta

479 1325 566 1378 terre
588 1321 698 1378 sancte
721 1310 912 1397 composuit,
934 1312 1018 1373 inter
1040 1320 1147 1374 cetera
1167 1310 1215 1372 ita
1237 1309 1396 1373 scribens:
1418 1309 1501 1391 „Est
1520 1319 1628 1374 autem
1651 1311 1759 1396 sepius
1774 1314 1940 1376 nominata
1956 1325 1987 1376 et
2004 1337 2081 1401 sepe
2095 1339 2149 1381 no·

479 1427 635 1494 minanda
657 1429 772 1491 ciuitas
796 1424 970 1491 secuudum
990 1447 1100 1490 omnes
1123 1425 1191 1488 eius
1212 1436 1322 1511 partes
1343 1427 1377 1488 in
1398 1435 1507 1489 monte
1530 1424 1660 1490 sublimi
1683 1427 1755 1507 sita,
1776 1448 1867 1490 muro
1889 1427 1997 1493 ualido
2012 1430 2154 1515 undique

480 1546 597 1626 cincta,
620 1565 680 1608 nec
701 1544 802 1607 nimia
822 1541 984 1625 paruitate
1005 1551 1160 1625 angusta,
1183 1563 1242 1604 nec
1263 1540 1485 1625 magnitudine
1505 1542 1655 1625 cuiquam
1677 1540 1857 1606 fastidiosa.
1900 1542 1931 1605 A
1952 1567 2044 1610 muro
2067 1569 2155 1610 nam-

480 1679 543 1745 que
572 1680 675 1745 usque
703 1658 747 1722 ad
775 1678 899 1720 murum
928 1655 1026 1719 habet
1047 1654 1241 1720 distansiam
1263 1666 1416 1742 quantum
1440 1666 1553 1740 quater
1583 1656 1685 1721 bonus
1708 1668 1813 1742 potest
1832 1660 1940 1723 iacere
1962 1682 2071 1742 arcus,
2100 1663 2154 1725 hu-

479 1772 559 1839 bens
581 1777 716 1859 insuper
739 1796 759 1836 a
781 1781 874 1858 parte
898 1769 1090 1834 occidentali
1112 1773 1323 1837 munitionem
1345 1794 1386 1836 ex
1408 1771 1573 1858 lapidibus
1597 1771 1730 1860 quadris
1753 1795 1795 1836 ex
1818 1784 1963 1838 cemento
1979 1787 2010 1839 et
2024 1776 2155 1861 plumbo

479 1888 747 1954 indissolubiliter
777 1887 1054 1972 compaginatam,
1089 1910 1149 1973 que
1178 1910 1220 1951 ex
1250 1909 1314 1952 uno
1337 1887 1438 1952 latere
1461 1912 1519 1974 pro
1542 1910 1633 1952 muro
1656 1898 1705 1952 est
1726 1889 1850 1952 ciuitati
1874 1899 1905 1952 et
1926 1893 2024 1954 turris
2045 1892 2157 1957 Dauid

481 2004 674 2092 appellatur.
716 2004 794 2090 Ipsa
823 2000 936 2065 eadem
967 2011 1031 2082 est,
1062 2024 1124 2087 que
1150 2026 1170 2066 a
1199 2001 1396 2087 quibusdam
1424 2005 1528 2068 eciam
1548 2004 1683 2068 Antonii
1710 2003 1829 2067 dicitur
1856 2014 1888 2067 et
1915 2017 2055 2070 montem
2078 2010 2156 2073 Sion

481 2120 580 2185 habet
601 2120 643 2184 ab
665 2132 785 2201 austro,
807 2121 840 2182 in
862 2140 923 2203 quo
941 2117 1053 2180 Dauid
1074 2118 1137 2182 sibi
1159 2117 1381 2183 habitaculum
1398 2120 1484 2201 fecit,
1506 2121 1540 2183 in
1563 2142 1626 2206 quo
1650 2121 1752 2183 eciam
1775 2142 1847 2182 cum
1870 2119 1943 2183 aliis
1960 2121 2092 2206 regibus
2108 2138 2156 2188 est

481 2236 637 2323 sepultus.
679 2235 722 2299 Et
751 2256 822 2299 eam
852 2233 1015 2297 ciuitatem
1038 2233 1150 2298 Dauid
1178 2234 1363 2320 appellauit
1405 2234 1498 2299 Mons
1529 2246 1635 2299 autem
1663 2235 1824 2314 colueris,
1855 2236 1888 2297 in
1911 2257 1973 2319 quo
1993 2238 2155 2303 Dominus

483 2360 532 2418 est
551 2351 734 2431 crucifixus,
756 2372 775 2413 a
798 2360 890 2435 parte
913 2348 1089 2412 occidentis
1108 2362 1178 2414 erat
1200 2362 1441 2414 extremarum
1464 2352 1619 2432 ciuitatis,
1642 2350 1699 2414 sed
1720 2349 1837 2414 Helius
1856 2351 2023 2416 Adrianus
2045 2356 2155 2419 ciuita-

482 2478 548 2533 tem
583 2470 689 2554 ipsam
721 2490 779 2552 per
809 2466 918 2529 Titum
946 2474 984 2547 ,et
1012 2463 1249 2551 Uespasianum
1278 2465 1476 2530 destructam
1503 2468 1672 2551 reparauit
1698 2478 1729 2530 et
1759 2467 1794 2528 in
1821 2477 1946 2530 tantum
1976 2469 2155 2554 ampliauit,

483 2582 570 2671 quod
596 2582 702 2647 locum
732 2582 949 2646 crucifixionis
977 2591 1009 2644 et
1037 2582 1202 2666 sepulture
1230 2583 1317 2645 intra
1344 2604 1508 2646 murorum
1537 2579 1694 2645 ambitum
1723 2581 1868 2663 inclusit,
1896 2586 1982 2648 omni
2005 2586 2067 2648 situ
2088 2587 2156 2649 eius

482 2708 632 2763 manente
653 2709 688 2762 ut
710 2699 832 2785 prius.“
874 2697 1069 2782 Hucusque
1091 2697 1192 2762 uerba
1215 2698 1337 2763 domini
1358 2697 1479 2762 Iacobi.

608 2814 759 2881 Ceterum
782 2813 822 2878 de
843 2816 944 2899 portis
968 2815 1035 2878 eius
1059 2824 1089 2876 et
1111 2812 1271 2877 montibus
1296 2814 1478 2876 circaeam
1501 2813 1616 2897 positis
1639 2823 1670 2876 et
1692 2812 1772 2878 locis
1795 2815 1863 2877 eius
1886 2813 2093 2881 disseramus.
2175 2836 2189 2881 5

606 2929 718 2994 Prima
747 2930 846 3013 igitur
871 2942 940 2993 erat
964 2942 1056 3008 porta
1080 2930 1264 3004 Dauid513).
1308 2928 1380 3007 Que
1408 2938 1478 2991 erat
1505 2929 1539 2991 in
1570 2926 1671 2991 latere
1699 2932 1817 2993 montis
1840 2929 1918 2996 Sion
1940 2946 2052 2996 eontra
2074 2935 2155 2996 occi-

483 3045 620 3126 dentem,
640 3044 695 3109 ubi
717 3055 786 3108 erat
807 3044 943 3128 angulus
966 3046 1104 3108 ciuitatis
1125 3045 1288 3108 inferioris
1309 3045 1512 3129 oppositust)
1535 3046 1619 3107 turri
1636 3042 1759 3126 Dauid,
1781 3047 1814 3108 in
1836 3045 1908 3111 loco
1930 3045 1996 3128 illo,
2017 3046 2073 3110 ubi
2096 3047 2157 3111 due

482 3162 654 3247 uoragines
675 3183 695 3223 a
717 3183 751 3225 se
773 3162 911 3224 inuicem
934 3160 1186 3245 separabantur,
1217 3181 1353 3244 quarum
1384 3182 1448 3222 una
1469 3171 1581 3222 contra
1603 3158 1807 3246 aquilonem,
1835 3160 1901 3225 alia
1922 3161 2154 3247 procedebam)

484 3288 597 3342 eontra
626 3278 791 3341 orientem.
833 3276 878 3340 Et
904 3287 973 3339 erat
1001 3275 1047 3338 ibi
1074 3274 1270 3354 testudo⁵¹⁴)
1300 3277 1387 3339 tacta
1416 3273 1500 3338 tdtra
1527 3273 1645 3337 uallem
1668 3285 1780 3338 eontra
1799 3287 1946 3362 portam,
1979 3300 2037 3362 per
2060 3301 2156 3363 quam

484 3407 554 3459 erat
579 3395 685 3457 exitus
709 3394 858 3456 ciuitatis.
900 3390 953 3454 Ad
975 3390 1125 3455 dextram
1149 3391 1242 3456 huius
1265 3391 1435 3456 testudinis
1457 3396 1552 3452 Iudas
1573 3391 1607 3453 in
1629 3413 1798 3476 sycomoro
1828 3391 1968 3477 quodam
1989 3392 2104 3479 laqueo
2126 3419 2157 3457 se

484 3512 719 3590 aspendum).
761 3509 863 3585 Istat)
891 3520 984 3587 porta
1012 3507 1180 3572 dicebatur
1196 3513 1342 3588 piscium,
1373 3510 1449 3594 quia
1482 3531 1540 3595 per
1561 3530 1631 3571 eam
1657 3509 1711 3571 uia
1733 3518 1803 3571 erat
1823 3508 1863 3571 de
1884 3509 1986 3594 Ioppe
2007 3522 2038 3573 et
2059 3511 2156 3574 Dios-

485 3626 584 3713 poli0)
610 3640 642 3689 et
666 3626 846 3705 maritima,
874 3622 959 3687 unde
980 3622 1179 3688 ducebantur
1201 3627 1316 3711 pisces.
1360 3622 1540 3687 Dicebatur
1548 3627 1573 3699 f)
1603 3633 1710 3687 autem
1734 3628 1970 3703 aeyociutorum,
1999 3628 2076 3712 quia
2097 3649 2156 3712 per

485 3765 557 3808 earn
588 3745 643 3806 uia
672 3754 742 3805 erat
770 3746 804 3804 in
824 3738 1013 3804 Bethlehem
1033 3750 1063 3804 et
1083 3741 1117 3803 in
1137 3740 1251 3805 Ebron
1270 3751 1302 3804 et
1323 3738 1449 3804 Gazam
1469 3749 1501 3803 et
1522 3741 1556 3803 in
1577 3739 1745 3825 Egyptum
1767 3750 1798 3803 et
1819 3739 2014 3827 Ethiopiam.
2059 3743 2155 3808 Dice-

485 3858 580 3924 batur
601 3861 701 3922 eciam
724 3868 819 3942 porta
837 3854 958 3933 Dauid,
980 3857 1055 3939 quia
1075 3857 1174 3920 turris
1195 3856 1306 3920 Dauid
1329 3867 1361 3920 ct
1381 3857 1495 3920 ciuitas
1519 3855 1663 3920 eiusdem
1684 3855 1929 3932 imminebantss)
1953 3856 2101 3942 desuper.

609 3973 759 4038 Secunda
787 3983 882 4059 porta
910 3970 951 4034 ab
978 3972 1041 4034 ista
1068 3971 1127 4037 fuit
1152 3975 1185 4036 in
1213 3972 1326 4037 eadem
1351 3983 1446 4059 parte
1472 3975 1573 4053 muri,
1602 3974 1780 4058 respiciens
1803 3972 1925 4035 scilicet
1947 3973 2155 4054 occidentem,

549 4140 577 4206 a)
596 4139 816 4208 ataplicaueruat
833 4136 871 4190 st.
891 4137 1094 4205 ampliuuemnt
1110 4135 1136 4188 h.
1154 4167 1188 4176 -
1211 4136 1240 4201 b)
1259 4138 1289 4189 ia
1302 4138 1387 4204 florea
1404 4137 1540 4205 oppositis
1560 4135 1599 4189 st.
1619 4135 1767 4205 insertoris
1785 4137 1929 4204 oppositis
1947 4134 1972 4187 h.
1991 4165 2024 4173 -
2048 4137 2074 4204 c)
2090 4155 2157 4206 pro·

619 4223 763 4276 celebatur
781 4222 819 4276 st.
835 4221 1001 4289 procedebat
1016 4218 1041 4273 h.
1063 4250 1095 4257 -
1116 4221 1144 4288 d)
1163 4222 1203 4272 ito
1221 4220 1260 4275 st.
1279 4221 1334 4274 ista
1351 4220 1378 4276 h.
1403 4250 1433 4258 -
1457 4228 1482 4287 e)
1501 4219 1626 4288 theopoli
1642 4219 1681 4273 St.
1704 4250 1737 4259 -
1761 4218 1786 4283 1)
1806 4218 1968 4271 ‹licebontm
1985 4216 2025 4272 St.
2048 4220 2156 4274 diceba-

619 4314 663 4358 tur
683 4305 708 4359 lr.
727 4337 759 4345 -
777 4308 807 4374 g)
824 4304 978 4356 imminebat
996 4305 1028 4357 st
1041 4301 1066 4356 h.

548 4463 620 4532 510)
642 4461 764 4517 exibunt
788 4465 826 4518 411
850 4457 958 4533 studia]
991 4456 1067 4516 Sunt
1095 4462 1132 4517 43
1156 4457 1252 4516 stadia
1273 4468 1302 4517 ct
1342 4459 1463 4528 referat,
1492 4456 1666 4536 Staphorstii
1690 4458 1834 4515 sententia
1854 4458 1883 4514 in
1905 4478 1939 4516 eo
1966 4457 2018 4514 niti
2037 4458 2161 4530 videtur,

484 4563 523 4620 25
546 4578 665 4637 passus,
694 4556 746 4617 sed
767 4577 905 4617 numerus
933 4556 1155 4616 corrotundatus
1176 4577 1239 4615 esse
1261 4559 1301 4614 n'-
1344 4556 1422 4637 qnod
1444 4557 1491 4614 hic
1512 4557 1599 4635 pleno
1622 4557 1755 4633 nominc,
1778 4554 1885 4614 additis
1906 4556 2064 4628 honorum,
2087 4578 2160 4636 quos

483 4657 579 4718 detur.
1346 4656 1454 4727 dicunt,
1476 4655 1566 4713 titulis
1588 4655 1752 4733 appelletur
1765 4653 1900 4713 Iacobus.
1946 4653 2006 4713 Sed
2027 4658 2064 4715 ct'.
2086 4655 2159 4713 wil-

549 4762 619 4828 511)
659 4757 684 4814 1’
714 4754 867 4828 milliaria]
900 4754 1034 4813 8stadia
1060 4763 1186 4832 aequant
1214 4773 1301 4811 unum
1345 4754 1489 4814 brandum
1511 4754 1548 4812 de
1569 4752 1760 4811 Aldenborch
1783 4753 1805 4812 Ι.
1829 4772 1919 4811 xxvn.
1946 4760 1990 4825 17,
2015 4753 2062 4811 ubi
2086 4754 2160 4812 ller-

486 4856 652 4915 milliarium
673 4874 833 4913 romanum.
1345 4874 1469 4912 mannus
1495 4855 1532 4910 de
1559 4853 1717 4929 Lngonue,
1745 4853 1877 4930 quamvis
1906 4852 1966 4909 vita
1996 4850 2161 4924 defunctus,

549 4958 620 5029 512)
652 4955 734 5011 Dicit
762 4954 837 5009 enim
864 4985 905 4993 —
930 4952 1121 5026 patriarcha]
1154 4949 1199 5010 (ll.
1227 4971 1302 5029 quae
1344 4954 1430 5010 simili
1455 4954 1566 5009 ratione
1595 4951 1681 5028 pleno
1703 4952 1820 5008 nomine
1841 4950 2013 5028 appellatur.
2056 4951 2160 5029 Neque

484 5053 523 5115 de
550 5073 671 5113 munere
702 5050 885 5130 patriarchae
908 5049 934 5109 h.
958 5051 975 5111 1,
1004 5069 1100 5109 errore
1125 5050 1235 5108 lacobo
1265 5049 1302 5108 de
1344 5051 1547 5128 intelligimus,
1573 5070 1623 5108 cur
1643 5070 1702 5108 non
1723 5049 1840 5107 honoris
1863 5059 1892 5106 et
1912 5049 2089 5107 auctoritatis
2111 5070 2160 5106 an-

484 5152 614 5213 Vitriaco
648 5151 794 5229 adscripto
817 5150 1021 5207 annotavimus
1042 5169 1130 5227 snpra
1151 5159 1221 5206 nota
1243 5153 1301 5208 280
1343 5148 1459 5226 gandae
1493 5169 1582 5207 caiisa
1611 5150 1781 5225 scriptorem
1809 5147 2042 5226 qualemcunque
2072 5149 2159 5227 pleno

487 5251 525 5310 ad
546 5253 599 5311 vl.
623 5259 650 5312 5.
694 5249 754 5309 Sed
782 5269 818 5307 ex
847 5246 902 5304 hoc
923 5258 1022 5306 nostro
1045 5247 1206 5305 Burchardi
1228 5247 1302 5318 loco,
1345 5249 1461 5306 nomine
1478 5249 1566 5305 citare
1587 5247 1714 5325 potuerit
1734 5245 1927 5305 Burchardus.

485 5353 532 5409 cui
554 5353 733 5430 superiorem
756 5348 837 5405 illum
851 5345 971 5404 adderet
988 5346 1102 5418 licebat,
1123 5347 1218 5404 Nicol.
1237 5344 1302 5403 Stu-
1407 5350 1478 5418 513)
1500 5355 1592 5420 portu
1619 5345 1733 5419 Dauid]
1772 5345 1859 5401 Nune
1893 5354 1978 5421 porta
2003 5347 2160 5424 ioppensis,

485 5450 632 5529 phorstius
653 5451 683 5506 in
708 5446 826 5504 historia
845 5444 986 5502 ecclesiae
1001 5445 1221 5524 hamburgensis
1237 5465 1301 5523 par-
1344 5445 1408 5504 Bab
1430 5444 1585 5516 el-Khalil,
1607 5444 1676 5501 olim
1700 5443 1763 5500 Bab
1786 5442 1951 5501 el-lllihrrib.
1987 5442 2023 5501 V.
2048 5444 2160 5502 'l'obler

484 5551 522 5607 tis
549 5548 714 5607 1v01.111
745 5567 774 5623 p.
799 5548 856 5603 355
885 5542 1000 5602 efficere
1022 5545 1127 5622 voluit,
1159 5544 1301 5602 Burchar-
1346 5543 1479 5621 'Popogr
1502 5564 1529 5600 v.
1551 5542 1649 5601 Jerus.
1673 5543 1695 5600 I.
1723 5546 1777 5600 144
1799 5561 1861 5618 sqq.
1888 5547 1942 5600 165
1966 5562 2007 5619 sq.
2035 5548 2099 5602 173.

485 5646 670 5707 dumIacobi
693 5646 729 5704 de
743 5643 872 5701 Vitriaco
894 5649 1033 5720 tanquam
1051 5645 1109 5701 vivi
1125 5646 1302 5703 mentionem
1409 5646 1480 5714 511)
1500 5641 1623 5715 testudo}
1651 5639 1687 5698 V.
1711 5638 1822 5696 'l'obler
1844 5638 1975 5717 'l'opogu
1998 5661 2024 5699 v.
2046 5641 2110 5699 Jer.
2135 5643 2158 5699 l.

486 5747 585 5805 iniisse
608 5750 696 5819 („von
717 5743 858 5802 walchem
872 5760 960 5798 unser
974 5739 1128 5801 Verfasser
1144 5744 1187 5801 als
1208 5744 1302 5801 einem
1347 5745 1402 5802 211
1428 5751 1488 5798 not.
1516 5749 1537 5800 1.

486 5865 507 5905 n
527 5844 563 5904 ch
591 5844 737 5904 lebendeu
767 5842 886 5916 redet“).
930 5841 965 5898 ln
987 5859 1043 5919 quo
1066 5860 1160 5899 errare
1183 5841 1304 5900 videtur.
1410 5845 1480 5912 515)
1501 5835 1869 5910 Iudas-resuspeudit]
1894 5834 1930 5894 V.
1952 5834 2063 5893 'l'obler
2081 5836 2157 5915 Top.

487 5866 587 6017 iduum
616 5946 693 6003 enim
719 5952 833 6020 tempus
862 5959 1001 6019 praesens
1027 5939 1108 5997 verbi
1135 5940 1206 5997 dicit
1232 5939 1304 5997 nihil
1347 5959 1373 5997 v.
1395 5936 1494 5996 Jerus.
1517 5937 1540 6000 1.
1565 5940 1633 5996 211.
1656 5940 1723 5995 2111.
1835 5996 1838 6001 ,

1920 6049 1950 6096 1⁰
