5334 6975
1292 684 1332 746 49

478 870 596 935 montis
617 867 764 931 Hermon
785 873 817 929 et
838 874 973 929 uocatur
993 867 1195 936 Hemoniam,
1217 861 1258 926 de
1279 882 1342 948 quo
1365 861 1485 927 dictum
1507 873 1557 926 est
1578 862 1756 947 supra³¹⁰),
1778 861 1812 924 in
1834 883 1897 949 quo
1918 870 1967 925 eet
1988 862 2051 925 sita
2071 859 2151 924 uilla

477 984 601 1050 Endon.
643 982 689 1046 Et
709 979 843 1066 impedit
863 983 926 1044 iste
946 990 1060 1057 tumor,
1082 1001 1122 1044 ne
1144 1000 1226 1063 aque
1248 976 1417 1064 pluuialcs,
1440 1000 1501 1065 que
1524 977 1644 1042 eadunt
1664 978 1699 1041 in
1719 985 1855 1065 utroque
1876 984 1994 1058 monte,
2017 974 2150 1040 descen·

479 1100 557 1165 dant
584 1098 627 1163 ad
650 1097 780 1184 plagam
809 1117 907 1160 unam
936 1117 1061 1177 omnes,
1091 1096 1148 1159 sed
1180 1116 1258 1181 pars
1279 1116 1346 1158 una
1364 1092 1531 1158 descendit
1552 1103 1665 1158 contra
1687 1095 1844 1159 orientem
1866 1104 1897 1158 et
1918 1090 2099 1176 ingreditur
2117 1092 2151 1155 in
2184 1179 2188 1186 ι

479 1237 569 1280 marc
592 1211 788 1289 Galiles³¹¹)
810 1233 876 1276 non
895 1210 992 1296 longe
1019 1233 1038 1274 a
1060 1211 1190 1275 ciuitate
1211 1208 1364 1274 Bethsan.
1407 1210 1447 1275 ln
1474 1210 1536 1275 hoc
1557 1220 1698 1274 torrente
1721 1209 1821 1276 Cison
1842 1209 2001 1295 pugnauit
2021 1205 2151 1272 Baracb

479 1352 551 1395 cum
573 1329 700 1410 Sisara,
734 1338 769 1391 ut
790 1326 907 1391 dicitur
928 1327 1074 1391 iudicum
1096 1326 1203 1405 V⁸¹²).
1245 1324 1323 1389 Alia
1351 1347 1429 1411 pars
1451 1324 1618 1390 descendit
1640 1336 1752 1390 contra
1775 1324 1974 1390 occidentem
1996 1322 2039 1387 ad
2060 1344 2151 1387 mare

479 1467 642 1531 magnum.
690 1443 735 1507 Et
766 1444 799 1507 in
827 1442 888 1507 lroo
914 1452 1055 1506 torrente
1085 1442 1184 1508 Cison
1212 1440 1326 1506 Helias
1350 1442 1513 1506 interfecit
1540 1440 1725 1506 sacerdotes
1752 1440 1849 1523 Baal,
1882 1450 1918 1504 ut
1945 1439 2062 1504 dicitur
2090 1438 2150 1503 Ill.

478 1560 684 1647 Regumffl).
721 1558 774 1621 Ad
796 1559 890 1622 istam
914 1568 1022 1622 tamen
1041 1568 1176 1643 partem,
1197 1579 1259 1643 que
1281 1567 1393 1623 contra
1417 1556 1616 1622 occidentem
1642 1555 1721 1639 fluit,
1744 1554 1939 1640 colliguntur
1955 1576 2039 1643 aque
2053 1554 2151 1618 multe

480 1676 520 1741 de
552 1686 660 1742 monte
680 1674 827 1759 Effraym
853 1683 884 1737 et
911 1673 951 1737 de
977 1672 1057 1737 locis
1079 1672 1227 1738 Samarie
1254 1673 1479 1759 propinquis²)
1508 1684 1539 1737 et
1560 1672 1601 1737 de
1621 1682 1688 1737 toto
1711 1693 1827 1756 campo
1848 1692 1966 1755 magno
1988 1669 2151 1734 Esdrelon

481 1802 513 1857 et
534 1791 629 1878 ann
650 1800 758 1855 monte
780 1801 811 1853 et
831 1788 982 1874 Magedo.

604 1907 656 1971 De
684 1904 756 1969 leco
784 1905 1016 1969 interfectionis
1045 1902 1249 1969 sacerdotum
1270 1902 1353 1967 Baal
1385 1903 1427 1967 ad
1449 1916 1515 1969 tres
1537 1905 1648 1970 leucas
1668 1915 1779 1968 contra
1801 1914 1945 1967 austrum
1968 1913 2016 1966 est
2038 1900 2151 1966 castel·
2169 1915 2185 1965 2

481 2023 546 2088 lum
568 2026 686 2087 montis
708 2020 818 2106 ann,
842 2021 972 2099 eaymon
995 2018 1233 2102 dictamum),
1255 2020 1290 2084 in
1310 2018 1394 2106 pede
1415 2022 1552 2085 extremi
1573 2020 1690 2085 montis
1713 2018 1875 2101 Carmeli,
1898 2018 1954 2083 ubi
1963 2024 1987 2095 c)
2009 2017 2152 2082 Lamech

482 2139 576 2224 ann
598 2138 718 2221 sagitta
736 2135 906 2217 interfecit,
929 2146 965 2199 ut
987 2134 1104 2199 dicitur
1127 2135 1263 2201 Genesis
1286 2134 1415 2209 IV³¹⁵):
1442 2140 1546 2199 Occidi
1566 2140 1664 2198 airum
1685 2140 1716 2197 ia
1739 2141 1847 2197 uulnus
1869 2157 1969 2196 meum

603 2253 656 2316 De
679 2251 773 2336 ann
801 2261 909 2314 monte
928 2251 975 2316 Ill
1002 2251 1102 2316 leucis
1130 2262 1242 2316 contra
1273 2261 1417 2315 austrum
1445 2264 1495 2318 cst
1516 2252 1731 2332 Maqedo³¹⁶),
1760 2250 1846 2337 quod
1874 2272 1959 2313 nunc
1987 2252 2186 2325 sosarnus

481 2370 614 2450 dicitur,
645 2366 701 2431 ubi
724 2376 868 2431 mortuus
891 2365 1008 2430 dieitur
1029 2367 1203 2448 Ochosias,
1231 2390 1291 2431 rex
1309 2366 1409 2448 luda,
1447 2390 1541 2451 quem
1563 2367 1691 2450 lehun,
1713 2389 1773 2431 rex
1794 2365 1905 2445 lsrael,
1926 2364 2154 2429 uulnerauerat

480 2488 572 2551 iuxta
592 2483 735 2549 Iesrahel
755 2484 790 2546 in
813 2503 950 2546 ascensu
972 2482 1092 2564 Gaber,
1114 2483 1242 2570 quando
1263 2482 1381 2565 loram,
1402 2505 1511 2568 regem
1532 2483 1652 2566 Israel,
1675 2483 1795 2567 sagitta
1815 2480 1976 2545 interfecit
1999 2490 2031 2544 et
2052 2480 2155 2566 proici

479 2601 556 2667 fecit
577 2601 610 2664 in
631 2621 745 2685 agrum
766 2596 923 2675 Naboth‘)
945 2597 1141 2663 Iesrahelite.
1183 2598 1221 2663 In
1242 2598 1303 2663 hoc
1325 2598 1439 2663 eodem
1460 2597 1600 2685 Magedo
1623 2600 1748 2664 occisus
1771 2608 1820 2661 est
1841 2597 1961 2677 Iosias,
1985 2618 2044 2660 rex
2062 2594 2153 2676 Iuda,

481 2741 501 2782 a
521 2716 710 2797 Pharaone,
738 2737 816 2800 rege
837 2714 976 2801 Egypti,
1006 2713 1134 2800 quando
1155 2714 1421 2802 proficiscebatur
1451 2714 1493 2778 ad
1516 2715 1633 2780 flumen
1655 2714 1832 2779 Eufratem.

604 2832 649 2896 Et
673 2841 768 2914 nota,
799 2829 886 2917 quod
917 2855 1038 2910 campus
1060 2832 1256 2911 alapedoffl)
1285 2841 1316 2895 et
1337 2829 1497 2895 Esdrelon
1529 2842 1560 2895 et
1581 2832 1736 2919 planicies
1760 2830 1885 2895 Galilee
1907 2852 2005 2893 unum
2027 2836 2101 2891 sunt
2122 2836 2185 2893 etl

481 2949 577 3031 idem,
599 2947 657 3013 sed
679 2948 810 3012 nomina
833 2946 898 3010 alia
919 2948 1026 3011 onmia
1050 2949 1249 3034 quieuerunt,
1270 2958 1302 3011 et
1323 2947 1507 3033 appellatur
1528 2969 1613 3011 nunc
1634 2950 1844 3012 communiter
1866 2968 1988 3025 cairrpus
2004 2942 2154 3017 Fabam)

484 3089 504 3131 a
530 3066 669 3152 quodam
697 3062 828 3127 castello
850 3067 935 3124 Faba
965 3061 1066 3145 dicto,
1093 3062 1178 3149 quod
1208 3062 1307 3127 distat
1340 3085 1359 3126 a
1388 3064 1519 3126 ciuitate
1539 3063 1642 3128 Afeeh
1669 3074 1825 3151 quantum
1851 3073 1901 3127 ter
1922 3069 2029 3147 potest
2049 3060 2156 3123 iacere

483 3205 586 3247 arcus.
627 3181 690 3245 Est
711 3190 816 3244 autem
839 3179 872 3242 in
893 3178 941 3241 rei
961 3179 1097 3241 ueritate
1120 3201 1241 3257 campas
1265 3180 1394 3255 Gallice,
1427 3201 1489 3263 que
1516 3180 1622 3243 cincta
1643 3190 1693 3244 est
1714 3179 1755 3243 ab
1779 3180 1901 3244 oriente
1923 3177 2007 3240 mari
2029 3173 2156 3239 Galilee

550 3383 577 3450 a)
591 3379 765 3450 propinquos
784 3376 825 3432 St.
842 3375 1009 3446 propinquis
1025 3373 1051 3428 h.
1070 3405 1102 3414 -
1125 3374 1155 3444 1))
1172 3374 1311 3429 castellam
1327 3377 1427 3428 anoctis
1444 3377 1546 3430 (lictum
1565 3377 1594 3429 a'a
1607 3378 1679 3446 pede
1696 3375 1738 3431 st.
1757 3375 1897 3431 castellnm
1912 3374 2012 3428 montis
2031 3374 2113 3441 Ccym
2131 3371 2156 3424 lr.

617 3461 658 3518 cf.
671 3463 723 3519 Ed.
743 3467 830 3516 venet.
844 3459 893 3515 Xl.
908 3463 931 3526 8,
948 3474 1020 3529 quae
1038 3457 1121 3513 habet
1133 3457 1270 3528 menore.
1286 3489 1319 3499 -
1336 3459 1423 3515 Editt.
1442 3468 1534 3516 autem
1551 3477 1685 3516 annorum
1705 3465 1770 3516 1536
1788 3465 1817 3515 et
1838 3464 1900 3514 1101
1918 3457 2022 3512 habent
2039 3464 2156 3512 castrum

620 3546 697 3600 Cain.
727 3577 752 3585 -
778 3548 804 3616 c)
821 3539 868 3596 rabi
885 3543 995 3595 Lametlt
1018 3550 1047 3595 ut
1062 3545 1166 3596 <licitur
1185 3543 1260 3612 Cayco
1277 3544 1379 3613 sagitto
1403 3544 1542 3614 interfecit
1558 3552 1588 3597 ut
1605 3546 1708 3599 (licitur
1728 3545 1796 3599 Gerr.
1813 3543 1855 3600 St.
1875 3574 1906 3582 -
1930 3543 1959 3610 d)
1978 3543 2099 3595 Sedurbc
2117 3539 2156 3595 st.

615 3632 721 3683 Salduba
732 3629 759 3683 h.
780 3628 920 3681 Sobirnbre
936 3626 1021 3681 Editt.
1041 3644 1066 3679 a.
1078 3631 1142 3682 1536
1160 3633 1188 3681 et
1207 3632 1278 3682 1701.
1297 3656 1328 3666 -
1350 3628 1453 3697 Sybota.
1473 3628 1505 3683 B.
1524 3660 1556 3670 -
1575 3639 1602 3691 e)
1620 3628 1688 3681 Ilaec
1700 3627 1739 3684 st.
1758 3659 1790 3668 -
1808 3627 1836 3699 f)
1854 3646 1979 3697 scapnam
1995 3626 2101 3680 lrabeat
2115 3625 2155 3682 St.

547 3798 1073 3876 311311ςαοᾱῐοιιιηιεειειῳνα]
1098 3797 1151 3856 Vl.
1177 3804 1222 3858 10.
1340 3822 1416 3860 cnon.
1463 3800 1562 3860 Editio
1594 3810 1710 3870 veneta,
1739 3810 1770 3858 ut
1797 3798 1931 3871 diximus,
1963 3797 2053 3858 babet
2081 3799 2157 3876 Goy-

548 3902 620 3973 311)
641 3898 809 3975 ingreditur
838 3899 868 3954 ia
889 3917 972 3953 rna-re
994 3894 1118 3972 Gallice]
1148 3896 1231 3956 Idem
1253 3916 1299 3954 su·
1341 3903 1432 3971 moth,
1468 3899 1546 3979 quod
1580 3901 1650 3959 satis
1687 3920 1780 3978 prope
1815 3896 1928 3957 accedit
1964 3897 2002 3956 ad
2035 3898 2157 3956 fonnam

485 4018 537 4079 pra
551 3998 603 4057 Vl.
625 4001 643 4057 9
665 3996 737 4055 dixit
758 3994 963 4071 Burelrardus3
984 4015 1074 4074 quare
1096 4015 1222 4054 errorem
1245 3995 1301 4052 hoc
1343 3997 1487 4078 Caymon.
1516 4031 1555 4042 -
1584 3997 1620 4058 V.
1649 4018 1706 4056 van
1732 3997 1769 4056 de
1801 3996 1896 4056 Velde
1918 3996 2006 4056 Mem.
2036 4017 2064 4074 p.
2088 4000 2156 4056 326.

485 4117 600 4176 quoque
630 4096 693 4154 loco
722 4103 885 4154 exstantem
913 4114 971 4151 non
1001 4113 1154 4171 possumus
1181 4097 1250 4173 quin
1274 4095 1300 4153 ei
1342 4097 1457 4157 Recens
1478 4098 1609 4156 Kaimrin
1637 4097 1788 4175 antiquum
1809 4095 1952 4155 Iolmeam
1975 4116 2039 4155 esse
2061 4096 2158 4155 fertur.

486 4196 558 4275 ipsi,
591 4216 651 4254 nou
679 4194 794 4252 librario
826 4195 1010 4271 imputemus.
1060 4190 1176 4251 Cisonis
1205 4193 1300 4253 fontes
1343 4197 1459 4256 Nomen
1492 4197 1622 4272 Unynron
1657 4195 1728 4253 nihil
1763 4195 1843 4252 aliud
1878 4206 1922 4254 est
1956 4215 2043 4274 quam
2074 4194 2158 4270 Cayn

485 4295 634 4373 praecipui
657 4295 786 4351 oriuntur
807 4291 845 4349 ad
867 4289 972 4369 pedem
995 4292 1251 4368 septentrionalem
1273 4304 1302 4352 ct
1344 4317 1433 4354 ertone.
1477 4294 1631 4352 Vocabula
1655 4295 1738 4369 Crya
1756 4294 1884 4369 Caymon
1911 4303 2031 4372 propter·
2058 4313 2159 4350 eorum

485 4391 694 4451 occidentalem
714 4393 820 4450 montis
833 4389 943 4460 Tabai,
965 4391 1162 4448 innatantem
1177 4391 1207 4448 in
1221 4411 1301 4449 mare
1343 4393 1559 4453 similitudinem
1582 4392 1725 4451 excidisse
1740 4391 1883 4462 videntur,
1905 4392 2098 4470 praecedente
2117 4394 2159 4449 in-

486 4489 737 4557 mediterraneum,
760 4491 869 4548 nonin
892 4490 987 4548 lacum
1004 4487 1180 4548 Tiberiadis.
1210 4488 1300 4549 Cisou
1343 4515 1430 4572 super
1452 4492 1595 4551 vocabulo
1618 4492 1732 4549 ruentis.

486 4589 635 4649 orientalis
649 4590 772 4648 fortasse
785 4598 829 4646 est
843 4585 1204 4657 recensitam-Deciana
1221 4588 1300 4665 quod
1407 4594 1477 4665 315)
1504 4590 1627 4650 Gesseris
1648 4593 1670 4648 Ι
1676 4591 1713 4666 l']
1741 4612 1766 4647 v.
1791 4594 1837 4650 23.
1882 4589 1942 4648 Sed
1971 4588 2092 4649 verbum
2115 4609 2160 4648 oc·

485 4709 576 4768 prope
599 4688 744 4746 Betlrseau
769 4689 842 4757 exit,
864 4685 916 4745 sed
939 4689 966 4743 in
990 4685 1162 4754 lor-danem,
1190 4706 1249 4744 non
1270 4687 1300 4745 in
1344 4692 1404 4749 cidi
1432 4691 1459 4751 Ιι.
1483 4691 1500 4749 l.
1529 4691 1673 4767 significat
1699 4699 1814 4767 tempus
1837 4688 1977 4751 futurum.
2009 4709 2067 4747 nou
2096 4708 2160 4767 per·

485 4807 564 4845 mare
586 4784 738 4846 Galilaeae
765 4807 787 4845 s.
810 4786 906 4844 lacurn
925 4783 1103 4844 Tiberiadis.
1148 4784 1185 4844 V.
1207 4785 1303 4845 Ritter
1344 4793 1465 4862 fectum,
1486 4810 1543 4868 quo
1566 4800 1658 4846 totum
1679 4789 1910 4866 interpretationi
1931 4788 1974 4845 illi
1989 4787 2160 4846 fundamen·

485 4885 545 4943 XV
568 4888 620 4960 (1).
652 4894 718 4948 ste.
742 4886 819 4944 XVI
842 4889 909 4945 416.
937 4890 1009 4958 6913
1036 4882 1232 4942 Vandeveldii
1259 4895 1301 4943 ta·
1343 4900 1404 4948 tum
1424 4889 1611 4948 subtrabitur.
1628 4877 1765 4956 Accedit,
1787 4885 2067 4964 quodmonsKaim
2084 4887 2162 4945 Hur-

485 4983 584 5044 bulam
604 5005 697 5063 geogr
729 4995 797 5043 sect.
821 4991 846 5044 5.
913 4988 916 4995 '
1344 4989 1413 5058 mul,
1431 4988 1475 5046 cui
1491 4985 1783 5061 nenatioillavulgo
1798 4985 1970 5054 attribuitur,
1995 4985 2085 5043 multo
2100 4985 2162 5044 lon·

549 5087 620 5156 312)ΙΙ
642 5093 673 5141 ut
704 5085 814 5142 dicitnr
843 5085 909 5141 Iud.
941 5082 978 5156 Γ]
1007 5101 1031 5141 c.
1053 5080 1097 5139 lV
1127 5102 1156 5140 v.
1182 5088 1216 5141 15
1240 5102 1301 5162 sqq.
1344 5090 1410 5164 gius
1433 5087 1659 5165 septentrionem
1683 5103 1783 5141 versus
1805 5083 1842 5140 ad
1864 5081 2003 5142 Orontem
2021 5085 2092 5143 situs
2110 5094 2162 5144 est.

485 5191 512 5240 et
535 5201 600 5260 cap,
624 5183 660 5241 V.
1410 5190 1481 5260 316)
1503 5184 1640 5260 anedo]
1664 5180 1823 5258 Megiddo,
1846 5202 1924 5240 nunc
1947 5182 2017 5242 'Pell
2046 5183 2163 5243 Metsel·

553 5279 944 5356 3132111Reylxwss.
972 5285 1018 5339 40.
1348 5286 1406 5344 lim.
1448 5283 1484 5344 V.
1507 5304 1566 5343 vau
1588 5282 1625 5341 de.
1648 5280 1743 5340 Vclde
1765 5281 1887 5339 ntemoir
1907 5286 2067 5360 pssssq.
2104 5283 2163 5340 Alii

549 5382 621 5445 314,ι
651 5382 802 5438 castellum
838 5379 942 5435 creontis
972 5377 1056 5453 Cape
1088 5377 1216 5453 Capoten
1243 5380 1304 5437 dic·
1347 5387 1496 5463 antiquam
1518 5382 1618 5440 urbem
1641 5381 1821 5457 Legionem,
1847 5390 1993 5438 recentem
2013 5381 2163 5457 el·Lejjrin

487 5479 553 5554 tum]
589 5479 713 5537 Duabus
742 5479 881 5557 imprimis
910 5477 1070 5535 rationibus
1101 5479 1223 5556 permoti
1255 5499 1305 5536 no-
1347 5504 1369 5544 s.
1394 5482 1551 5541 Ledschim
1574 5501 1639 5539 cum
1662 5479 1733 5538 urbe
1756 5477 1896 5553 Magiddo
1920 5480 2098 5538 consociant.

485 5597 552 5636 men
572 5578 712 5655 Capaneu,
735 5581 764 5636 in
787 5575 935 5635 codicibus
952 5577 1102 5654 omissum,
1121 5577 1305 5635 restituimus.
1410 5587 1481 5654 317)
1503 5599 1625 5655 catnpae
1652 5577 1790 5653 illaqedo]
1824 5577 1911 5635 Nunc
1942 5587 1986 5636 est
2014 5578 2163 5637 Merdsclr·

485 5676 614 5735 Primum
643 5698 696 5735 nos
727 5677 818 5735 movit
851 5695 952 5733 recens
980 5694 1086 5733 nomen
1116 5674 1304 5734 el·Kainnin.
1348 5680 1508 5739 lbn-Amir.
1553 5677 1589 5737 V.
1612 5699 1638 5738 v.
1659 5677 1787 5735 Raumer
1808 5696 1836 5754 p.
1860 5681 1907 5736 35.

485 5774 612 5847 Deinde,
632 5775 710 5855 quod
728 5772 932 5832 Vandeveldio
948 5783 1066 5831 auctore
1084 5772 1220 5833 Iuditlrae
1234 5774 1303 5836 VII.
1411 5783 1480 5851 318)
1503 5797 1624 5853 catrrpns
1646 5775 1735 5850 Pube]
1765 5773 1811 5837 Cf.
1835 5796 1862 5836 v.
1885 5774 2013 5832 Raumer
2035 5779 2072 5835 35
2095 5786 2165 5834 nota

486 5874 647 5952 illegitur,
668 5875 817 5952 Kaymon,
839 5873 953 5930 tametsi
967 5873 1093 5948 Augusti
1109 5872 1203 5930 dedit:
1225 5875 1304 5931 Jt'va-
1347 5881 1402 5949 483
1435 5876 1483 5935 ubi
1506 5875 1692 5935 Bnrelrardus
1724 5873 1857 5933 citandus
1884 5884 1960 5942 erat,
1989 5893 2047 5931 non
2070 5871 2164 5932 Sauu-

485 5977 588 6048 μῶνος,
618 5985 647 6034 et
679 5994 744 6032 eum
775 5974 904 6051 Vulgata
933 5972 1024 6029 latina
1052 5971 1197 6031 Lutherus
1221 5973 1302 6032 Olel-
1347 5986 1406 6046 tus‚
1429 5976 1478 6053 qui
1502 5975 1597 6032 bausit
1618 5983 1730 6032 tantum
1754 5994 1789 6032 ex
1813 5969 1991 6030 Burcbardo.

1938 6085 1952 6133 t
