5334 6975
1098 1841 1521 1917 LECTURIS

1300 2042 1326 2091 S.

598 2242 651 2307 De
674 2240 832 2320 Odorico,
862 2242 952 2303 ouius
974 2239 1092 2304 librum
1114 2239 1154 2303 de
1176 2252 1260 2304 terra
1281 2250 1394 2304 sancta
1416 2262 1500 2303 nunc
1520 2242 1659 2325 primum
1681 2238 1798 2302 edituri
1821 2261 1945 2316 sumus,
1980 2239 2012 2299 in
2035 2234 2146 2298 codice

477 2355 754 2442 guelphcrbytano
776 2357 932 2441 inscripto
954 2356 1069 2436 „Num
1092 2364 1130 2422 40
1151 2378 1208 2419 rns.
1233 2356 1361 2420 Weiss“
1383 2379 1458 2441 pag.
1482 2361 1519 2421 73
1543 2355 1622 2418 haec
1644 2354 1805 2437 leguntur:

600 2470 734 2556 „„Ego,
760 2472 860 2535 frater
882 2471 1043 2536 Odoricus
1066 2472 1107 2536 de
1128 2472 1214 2536 Foro
1235 2470 1325 2552 Iulii,
1350 2470 1390 2534 de
1410 2471 1552 2557 quadam
1572 2479 1676 2551 terra,
1700 2492 1761 2555 que
1783 2469 1899 2533 dicitur
1921 2468 1989 2530 siue
2010 2474 2146 2529 vocatur

476 2586 594 2651 Portus
615 2587 756 2668 Naonis,
789 2586 829 2650 de
849 2585 962 2651 ordine
984 2589 1119 2651 fratrum
1141 2588 1317 2667 minorum,
1347 2586 1501 2650 testificor
1531 2595 1562 2648 et
1584 2586 1801 2649 testimonium
1823 2583 1942 2670 prebeo
1965 2578 2145 2646 reuerendo

477 2701 571 2766 fratri
598 2712 630 2765 et
657 2702 786 2767 domino
813 2725 901 2783 meo,
931 2702 1025 2765 fratri
1047 2701 1211 2784 Gnidoco,
1244 2699 1435 2788 prouinciali
1463 2703 1566 2765 sancti
1587 2699 1743 2766 Anthonii
1774 2702 1808 2764 in
1834 2698 1967 2764 marcha
1989 2696 2146 2777 triuisina,

477 2839 552 2881 cum
575 2839 633 2902 per
655 2840 726 2881 eum
747 2817 863 2881 fuerim
884 2820 1069 2902 requisitus,
1091 2841 1149 2904 per
1171 2816 1402 2898 obedienciam,
1425 2816 1510 2901 quod
1533 2821 1650 2897 omnia,
1674 2839 1735 2902 que
1758 2816 1905 2901 superius
1924 2814 2046 2898 scripta
2064 2820 2147 2889 sunt,

479 2934 621 3019 propriis
642 2932 742 2997 oculis
764 2932 842 3014 vidi,
865 2943 897 2997 et
918 2933 1056 3019 quedam
1080 2933 1191 2997 audiui
1215 2957 1233 2997 a
1254 2932 1318 2997 fide
1336 2932 1454 3017 dignis,
1477 2943 1511 2995 vt
1533 2932 1671 3017 predixi.
1706 2930 1891 2996 Communis
1907 2930 2009 2993 eciam
2025 2926 2147 2991 locucio

478 3046 607 3112 illarum
628 3059 845 3112 contratarum
868 3060 926 3129 est,
949 3059 983 3111 vt
1004 3048 1070 3130 illa,
1093 3071 1154 3136 que
1176 3072 1240 3112 non
1261 3048 1339 3129 vidi,
1360 3071 1423 3112 non
1443 3059 1579 3111 testarer
1602 3070 1672 3111 esse
1695 3069 1773 3110 vera
1795 3045 1883 3131 apud
1901 3045 2063 3124 hominen,
2086 3041 2148 3104 nisi

479 3162 535 3226 illa
555 3165 697 3248 propriis
719 3164 820 3228 oeulis
840 3166 1093 3250 conspexissem.
1135 3164 1206 3249 Ego
1235 3174 1341 3228 autem
1369 3162 1409 3226 dc
1436 3162 1489 3226 die
1516 3165 1550 3226 in
1572 3162 1657 3225 dicm
1679 3185 1730 3225 me
1752 3183 1892 3248 prepare
1915 3159 1958 3224 ad
1979 3157 2052 3221 illas
2075 3178 2148 3220 con-

479 3289 582 3342 tratas
603 3281 666 3360 ire,
694 3283 729 3342 in
757 3278 872 3364 quibus
896 3280 1034 3365 dispono
1066 3304 1116 3344 nre
1144 3281 1226 3344 mori
1256 3289 1286 3342 et
1309 3280 1437 3358 viuere,
1464 3288 1499 3341 vt
1521 3277 1566 3341 illi
1589 3277 1766 3363 placuerit,
1795 3299 1814 3340 a
1843 3299 1905 3362 quo
1928 3274 2012 3339 bona
2034 3283 2148 3337 cuncta

479 3394 689 3480 procedunt.“
698 3395 716 3428 “

604 3511 777 3592 „Predicta
807 3521 914 3575 auteur
941 3512 1080 3576 fideliter
1100 3512 1199 3574 frater
1222 3509 1423 3574 Guilhelmus
1445 3508 1485 3573 de
1508 3509 1651 3595 Selagna
1680 3511 1714 3573 in
1740 3509 1870 3593 scriptis
1892 3506 2032 3591 redegit,
2067 3505 2149 3568 sicut

479 3627 643 3713 predictus
664 3626 825 3691 lidericus
852 3651 908 3692 ore
937 3629 1070 3714 proprio
1100 3625 1319 3712 exprimebat,
1350 3648 1433 3690 anno
1455 3625 1588 3689 Domini
1612 3626 1782 3690 millesimo
1809 3623 2027 3687 tricentesimo
2056 3622 2148 3684 trice-

482 3744 578 3823 simo,
609 3743 661 3807 die
691 3745 809 3806 mensis
831 3743 910 3807 Maii
926 3745 963 3819 ¹),
992 3743 1122 3825 Padue,
1151 3744 1184 3805 in
1213 3742 1282 3807 loco
1312 3743 1416 3805 sancti
1436 3741 1591 3805 Anthonii
1623 3742 1827 3805 confessoris.
1870 3739 1937 3802 Nec
1960 3737 2087 3801 curauit
2109 3734 2149 3799 de

480 3857 580 3923 latino
603 3856 727 3922 difficili
748 3870 779 3922 et
801 3871 913 3922 ornato
925 3907 933 3939 ,
957 3859 1030 3938 sed,
1051 3860 1135 3922 sicut
1155 3857 1209 3922 ille
1230 3858 1293 3921 sibi
1314 3858 1476 3937 narrauit,
1500 3858 1545 3921 sic
1568 3859 1640 3942 ipse
1662 3858 1802 3942 scripsit,
1826 3856 1960 3935 adhoc,
1982 3863 2017 3916 vt
2040 3873 2149 3916 omnes

481 3973 540 4038 hec
571 3974 714 4058 legentes
742 3972 869 4037 facilius
898 3973 1132 4059 intelligerent,
1167 3995 1228 4059 quc
1260 3972 1420 4036 dicuntur.
1464 3970 1528 4050 Qui
1549 3973 1649 4035 frater
1672 3970 1832 4036 Odoricus
1855 3969 2004 4033 transiuit
2027 3967 2067 4030 de
2088 3966 2149 4030 hoc

481 4088 598 4154 mundo
628 4089 670 4153 ad
692 4089 799 4153 Deum
827 4091 859 4153 in
882 4100 1042 4154 conuentu
1061 4088 1166 4169 Vtini,
1200 4110 1284 4152 anno
1306 4088 1440 4152 Dominr
1463 4085 1632 4150 millesimo
1654 4087 1871 4149 tricentesimo
1893 4084 2073 4163 tricesimo,
2096 4081 2149 4145 die

481 4203 570 4268 XIV.
589 4205 739 4269 Ianuarii.
782 4204 846 4285 Qui
868 4203 1072 4290 postmodum
1095 4202 1265 4267 choruscat
1286 4202 1451 4265 miraculis
1475 4201 1613 4265 multis.“

603 4320 751 4406 Apparet
776 4321 893 4405 igitur,
924 4342 975 4382 me
997 4341 1068 4383 meo
1089 4321 1158 4382 iure
1181 4318 1374 4398 Odoricum,
1404 4315 1647 4381 celeberrimum
1669 4316 1758 4379 illrun
1775 4310 2056 4396 Ἰνδικοπλεύστην,
2085 4336 2149 4378 non

482 4435 680 4518 Utinensem,
702 4447 737 4499 ut
758 4435 823 4517 alii,
847 4436 903 4500 sed
926 4435 1187 4500 Foroiuliensem
1210 4432 1401 4520 appellasse.

606 4553 658 4615 De
671 4551 813 4616 Odorico
836 4551 929 4637 plura
945 4553 998 4635 qui
1016 4572 1210 4635 cognoscere
1230 4549 1317 4630 velit,
1341 4548 1484 4611 conferat
1505 4524 1752 4612 Tireboschium
1775 4559 1850 4611 torn.
1871 4547 1908 4610 V.
1930 4570 1960 4633 p.
1981 4552 2150 4628 rar—126,

481 4668 671 4732 Ramusium
692 4667 732 4729 II.
755 4672 824 4747 245,
847 4666 931 4730 Acta
953 4666 1144 4731 Sanctorum
1160 4664 1257 4733 lanl
1278 4663 1321 4728 ad
1345 4663 1429 4727 diem
1450 4664 1540 4728 XIV.
1562 4687 1593 4749 p.
1610 4667 1781 4740 eet-992,
1813 4662 1931 4747 Elegio
1954 4673 2014 4727 tor.
2038 4662 2097 4726 del.
2121 4661 2150 4726 b.

483 4783 634 4850 Odorico.
678 4783 822 4847 Veneriis
849 4789 936 4849 1761.
957 4787 1000 4848 4⁰.
1024 4781 1165 4867 (losephi
1187 4781 1327 4865 Vennii.)

606 4899 721 4964 Codex
750 4898 978 4979 berolinensis,
1008 4921 1049 4961 ex
1076 4918 1138 4982 quo
1161 4896 1296 4960 Odorici
1323 4897 1440 4960 librum
1470 4893 1716 4982 exprimendum
1747 4896 1946 4976 curavimus,
1972 4894 2150 4980 inscriptus

483 5024 532 5078 est
552 5037 648 5096 „mss
671 5013 764 5077 theol.
786 5013 838 5077 lat.
862 5014 909 5077 lV
931 5013 968 5076 N.
996 5013 1083 5076 lll“'.
1126 5011 1186 5074 Est
1207 5013 1406 5092 chartaceus,
1429 5011 1549 5076 saeculi
1571 5010 1643 5073 XV.
1684 5010 1796 5073 Insunt
1818 5010 1919 5071 varia.

612 5205 640 5269 1)
664 5199 798 5278 Apparet
820 5212 870 5256 aut
893 5199 978 5268 hunc,
1001 5207 1051 5255 aut
1073 5207 1177 5276 postea
1199 5208 1369 5276 sequentem
1389 5199 1458 5256 anni
1481 5196 1648 5256 emortualis
1668 5213 1819 5253 numerum
1840 5193 2013 5252 mutandum
2035 5215 2109 5255 erse.
