5334 6975
1293 680 1331 743 87

479 859 617 924 hominis
640 868 672 923 et
686 860 779 923 annis
795 856 931 943 singulis
948 858 1156 938 seminantur,
1178 855 1264 920 foliis
1276 858 1354 920 vitis
1371 855 1541 938 similibus,
1563 855 1774 936 minoribus⁸)
1790 868 1907 923 tamen.
1943 857 1987 922 Et
2001 870 2151 923 creseunt

478 975 614 1041 folliculi
634 974 778 1062 quidam,
802 973 973 1058 inquibus
996 987 1044 1036 est
1065 972 1149 1037 lana.
1193 972 1265 1052 Qua
1287 971 1451 1057 colligitur
1474 975 1561 1036 circa
1581 973 1700 1037 l'cstum
1725 975 1828 1037 sancti
1849 973 2029 1038 Michaelis,

605 1093 707 1154 Caene
728 1095 822 1152 mellis
845 1089 992 1154 similiter
1014 1099 1161 1152 crescunt
1182 1089 1237 1170 ibi,
1261 1111 1322 1176 que
1344 1100 1417 1152 sunt
1431 1087 1585 1159 similesb)
1601 1090 1713 1153 cannis
1729 1089 1959 1171 communibus,
1984 1089 2041 1154 sed
2054 1092 2153 1155 maio·

477 1228 539 1272 res.
582 1208 721 1271 Interius
742 1215 817 1270 sunt
838 1228 926 1285 caue,
948 1205 1004 1268 scd
1026 1204 1120 1289 plene
1143 1204 1284 1290 quadam
1306 1226 1427 1291 perosa
1450 1204 1652 1285 substancia,
1681 1227 1741 1290 que
1764 1217 1813 1269 cst
1835 1204 1993 1290 disposita
2014 1208 2097 1271 sicut
2118 1206 2155 1270 il·

478 1321 551 1403 lud,
582 1323 667 1408 quod
689 1322 734 1387 ibi
756 1323 920 1385 inuenitur
941 1324 975 1385 in
997 1322 1099 1402 uirgis
1123 1320 1275 1385 sambuce
1284 1327 1317 1398 c).
1360 1320 1404 1384 Et
1432 1330 1480 1384 est
1502 1319 1635 1384 humida
1657 1320 1844 1384 substancia
1863 1319 1920 1384 illu
1941 1320 2046 1386 ualde.
2089 1323 2155 1387 Istc

480 1459 582 1502 caune
611 1437 744 1502 collecte
771 1435 957 1501 inciduntur
985 1435 1027 1500 ad
1056 1434 1291 1520 longitudinem
1320 1435 1427 1521 palme
1453 1435 1601 1514 dimidie,
1631 1447 1661 1499 et
1684 1439 1730 1500 sic
1752 1437 1977 1522 exprimuntur
1999 1438 2032 1499 in
2053 1438 2155 1524 prelo.

480 1553 578 1638 Aqua
605 1553 681 1617 inde
709 1576 867 1639 expressa
899 1554 1047 1638 coquitur
1081 1553 1115 1615 in
1137 1550 1289 1615 caldariis
1311 1553 1418 1634 oncis,
1450 1562 1482 1616 et
1504 1553 1681 1637 inspissata
1703 1551 1863 1637 colligitur
1885 1554 1919 1616 in
1940 1553 2087 1640 cophinis
2098 1555 2157 1631 638)

406 1685 409 1692 '
482 1668 521 1732 de
543 1668 716 1734 subtilibus
738 1669 913 1733 uiminibus
934 1669 1105 1731 contextis.
1149 1666 1245 1746 Quod
1266 1667 1423 1754 perdatim
1445 1679 1558 1755 postea
1584 1671 1767 1733 exsiccatur
1788 1680 1819 1733 et
1841 1668 2032 1752 induratur,
2054 1681 2086 1734 et
2109 1671 2156 1734 sic

480 1784 617 1850 efficitur
640 1789 799 1862 zucarad).
842 1783 989 1848 Distillat
1010 1796 1127 1864 tamem
1149 1784 1341 1870 priusquam
1362 1783 1540 1866 induretur,
1563 1783 1707 1870 deipsis
1729 1784 1835 1871 liquor
1856 1784 1998 1870 quidam,
2020 1788 2075 1871 qui
2092 1786 2155 1851 mel

481 1923 598 1965 zucare
620 1900 747 1981 dicitur,
770 1900 926 1964 delicatus
947 1899 1043 1964 ualde
1066 1908 1097 1962 et
1118 1912 1213 1986 aptus
1237 1899 1370 1964 cibariis
1393 1898 1590 1964 condiendis.
1632 1900 1699 1964 Istc
1731 1902 1865 1987 insuper
1886 1924 1990 1965 canne
2010 1900 2155 1966 incidun-

481 2027 532 2081 tur
553 2019 587 2081 in
608 2015 810 2102 longitudine
831 2018 925 2080 unius
947 2016 1055 2101 digiti,
1084 2017 1130 2080 ita
1151 2027 1275 2097 tamen,
1305 2015 1393 2102 quod
1420 2017 1480 2080 iste
1508 2015 1666 2101 partictdc
1698 2038 1825 2101 semper
1845 2018 1880 2080 in
1901 2015 2007 2081 medio
2032 2019 2081 2081 sui
2101 2040 2156 2082 no-

482 2133 559 2197 dum
580 2132 730 2213 habeant,
752 2134 826 2217 quia
848 2131 958 2219 plures
980 2143 1053 2197 sunt
1076 2136 1109 2196 in
1132 2154 1236 2196 canna
1259 2155 1330 2195 una.
1373 2132 1439 2197 Istc
1461 2132 1621 2219 particule
1644 2131 1868 2196 subterrantur
1889 2141 2035 2219 tempore
2055 2156 2156 2197 uerno

480 2252 515 2314 in
538 2250 620 2314 loeis
649 2247 807 2328 humidis,
839 2258 871 2311 et
896 2250 978 2334 ipsis
1005 2247 1174 2334 particulis
1196 2258 1345 2311 crescunt
1365 2270 1449 2312 noue
1471 2271 1590 2330 eannc,
1623 2250 1670 2312 ita
1690 2259 1725 2312 ut
1748 2246 1788 2311 de
1811 2247 1946 2332 singulis
1969 2247 2066 2327 du00)
2089 2271 2156 2314 crc-

484 2377 577 2430 scant
598 2378 735 2449 utraque
756 2374 849 2450 parte
872 2363 950 2428 nodi
973 2364 1047 2428 binc
1069 2363 1145 2427 inde
1157 2413 1165 2444 ,
1188 2372 1219 2427 et
1241 2365 1287 2426 sic
1309 2363 1506 2448 plantantur.

607 2480 796 2561 Sciendum,
827 2479 913 2563 quod
940 2481 974 2542 in
1003 2489 1091 2544 terra
1118 2482 1183 2543 ista
1208 2501 1272 2542 non
1299 2480 1505 2543 inueniuntur
1525 2481 1599 2565 pira
1628 2480 1679 2543 uel
1702 2501 1798 2565 poma
1818 2478 1870 2543 uel
1893 2501 2006 2544 cerasa
2028 2479 2080 2544 uel
2101 2484 2189 2544 nu-3

482 2619 555 2678 ces,
582 2598 665 2662 sicut
693 2599 726 2661 in
757 2595 905 2683 partibus
935 2597 1179 2676 transmarinis,
1211 2596 1274 2658 nisi
1304 2594 1401 2660 ualde
1428 2618 1511 2660 raro.
1554 2595 1621 2660 Sed
1646 2595 1686 2659 de
1708 2596 1873 2660 Damasco
1903 2597 2027 2659 fructus
2057 2594 2157 2682 aliqui

482 2713 696 2795 adducuntur,
718 2715 773 2799 qui
790 2723 899 2775 tamen
919 2712 1048 2774 omnino
1070 2710 1182 2774 molles
1205 2721 1330 2775 suntet
1351 2710 1408 2775 diu
1427 2711 1545 2776 durare
1565 2735 1631 2777 non
1655 2721 1790 2798 possunt
1815 2722 1949 2798 propter
1970 2713 2104 2776 nimiam
2124 2714 2158 2775 in

483 2828 656 2894 arboribus
678 2829 899 2893 decoctionem
920 2836 951 2889 et
972 2836 1058 2890 terre
1080 2825 1288 2891 caliditatem.

608 2944 689 3009 Sunt
708 2955 815 3008 tamen
837 2942 883 3006 ibi
903 2942 1028 3005 fructus
1049 2942 1196 3028 quidam,
1230 2943 1285 3026 qui
1312 2963 1370 3027 per
1392 2952 1493 3006 totum
1515 2965 1635 3006 annum
1664 2944 1697 3005 in
1719 2941 1892 3008 arboribus
1913 2955 2158 3024 conseruantur,

484 3073 516 3127 et
543 3073 674 3126 utuntur
705 3062 751 3124 eis
777 3059 923 3123 homines
956 3066 1022 3121 toto
1046 3080 1138 3122 anno.
1182 3056 1283 3122 Simul
1307 3066 1338 3120 et
1361 3057 1458 3121 semel
1478 3059 1685 3122 inueniuntur
1714 3080 1790 3144 sepe
1811 3059 1845 3122 in
1868 3057 2040 3123 arboribus
2062 3059 2157 3123 flores

484 3189 515 3242 et
536 3178 659 3242 fructus
683 3175 918 3248 semimaturi‘)
947 3183 978 3236 et
996 3175 1113 3236 maturi
1137 3172 1344 3259 etamplius,
1376 3184 1413 3238 ut
1442 3174 1543 3237 eciam
1566 3173 1728 3237 interdum
1750 3172 1997 3260 quadruplicem
2018 3174 2158 3239 fructum

482 3293 626 3359 eiusdem
648 3294 777 3378 generis
799 3288 893 3354 simul
916 3298 948 3352 ct
970 3288 1072 3351 semel
1099 3288 1144 3386 ibi
1167 3288 1351 3366 habeantss).
1395 3288 1438 3352 Et
1458 3290 1511 3352 isti
1533 3289 1656 3353 fructus
1681 3298 1756 3353 sunt
1778 3312 1894 3375 poma,
1917 3313 1979 3376 que
2001 3301 2159 3355 uocantur

482 3410 702 3490 naranqeslil)
724 3418 756 3470 et
776 3412 900 3467 lemoaer
922 3415 952 3467 ct
969 3427 1060 3482 poma
1080 3406 1228 3486 Ade⁵⁴⁰),
1257 3403 1297 3469 de
1326 3403 1442 3491 quibus
1464 3405 1587 3469 iaciunt
1607 3404 1760 3491 indigene
1789 3405 1985 3471 salsamenta
2006 3429 2065 3493 pro
2087 3406 2158 3494 pul-

482 3528 523 3591 lis
544 3536 576 3590 et
598 3523 741 3612 piscibus
765 3532 797 3585 ct
819 3520 900 3585 cibis
923 3519 1004 3584 aliis.
1047 3519 1090 3583 Et
1111 3521 1251 3585 reddunt
1271 3521 1360 3585 cibos
1382 3522 1664 3586 commendabiles.

607 3640 688 3705 Sunt
717 3640 819 3702 eciam
848 3636 894 3701 ibi
912 3660 1019 3717 poma,
1049 3658 1110 3723 qne
1132 3636 1283 3701 dicuntur
1305 3639 1489 3718 111111ιαῦ44,
1519 3637 1559 3701 de
1586 3638 1703 3722 quibus
1733 3640 1767 3702 in
1787 3640 1899 3704 Accon
1920 3641 2000 3704 liunt
2022 3639 2192 3712 electus-4

484 3760 602 3837 xviam)
624 3756 711 3822 bona
733 3752 838 3818 ualde.

605 3889 686 3953 Item
710 3897 783 3951 sunt
803 3885 849 3949 ibi
870 3884 995 3948 fructus
1016 3884 1081 3965 alii,
1105 3885 1158 3969 qui
1181 3884 1331 3949 dicuntur
1348 3907 1438 3964 poma
1449 3890 1594 3964 paradisi
1604 3887 1673 3967 ⁰⁴³),
1697 3885 1899 3950 admirabilis
1914 3888 2037 3951 fructus
2052 3885 2158 3950 ualde.
2177 3898 2191 3945 5

482 4005 582 4083 Istae)
603 4011 752 4068 crescunt
772 4004 806 4064 in
828 4000 960 4064 modum
981 3999 1065 4064 botri
1088 4002 1192 4081 unius,
1214 3999 1375 4065 habencia
1395 4001 1495 4065 multa
1517 4024 1629 4086 grana.
1673 4003 1716 4066 Et
1738 4014 1787 4066 est
1808 4002 1949 4079 botrus¹)
1971 4004 2041 4087 ipsc
2060 4004 2157 4066 inter-

484 4120 561 4185 dum
591 4120 632 4184 ad
663 4119 794 4183 modum
824 4128 855 4180 et
884 4114 926 4178 ad
948 4117 1158 4199 quantitatem
1182 4117 1310 4201 cophini
1321 4119 1347 4191 l‘)
1379 4120 1589 4201 competentis
1601 4120 1659 4195 ⁶⁴⁴)
1666 4167 1675 4200 ,
1704 4118 1879 4205 aliquando
1909 4116 2032 4182 habens
2054 4142 2159 4204 grana

482 4235 546 4300 LX
568 4236 619 4300 uel
641 4234 793 4320 amplius.
837 4232 882 4296 Et
910 4242 984 4295 sunt
1013 4253 1116 4315 grana
1148 4234 1211 4295 iste
1239 4231 1381 4318 oblonga
1410 4233 1572 4297 interdum
1603 4233 1645 4297 ad
1665 4233 1869 4298 latitudinem
1892 4257 1949 4298 sex
1973 4232 2158 4319 digitorum,

484 4353 590 4439 spissa
611 4374 689 4415 uero
712 4350 754 4414 ad
778 4350 988 4436 quantitatem
1012 4349 1064 4409 oui
1084 4346 1214 4430 galline,
1237 4346 1420 4435 habentque
1442 4348 1619 4414 folliculum
1642 4352 1801 4435 spissum,
1824 4352 1907 4414 sicut
1929 4360 1978 4415 est
1997 4350 2159 4415 folliculus

481 4467 648 4548 fabarum,
680 4466 737 4530 sed
762 4466 878 4529 coloris
903 4464 989 4526 croci
1011 4460 1140 4525 delicati
1162 4461 1268 4525 ualde.
1312 4464 1377 4528 Sed
1399 4465 1558 4530 l'ollicrdus
1578 4467 1755 4552 proicitur,
1785 4489 1934 4552 pomum,
1962 4465 2050 4553 quod
2071 4467 2158 4530 intus

485 4595 544 4667 est,
566 4582 689 4648 tollitur
712 4594 743 4646 ct
766 4579 955 4669 comeditur,
979 4588 1011 4642 ct
1032 4592 1081 4642 cst
1102 4602 1200 4664 sapor
1222 4582 1289 4643 eius
1313 4580 1417 4645 dulcis
1438 4581 1542 4653 ualde,
1564 4581 1835 4668 quemadmodum
1859 4581 2083 4647 delicatissimi
2101 4581 2159 4646 bu-

480 4700 547 4786 tyri
582 4720 653 4761 cum
681 4698 755 4761 farre
782 4694 894 4760 mellis.
945 4695 1013 4759 Nec
1038 4694 1158 4758 habent
1187 4718 1291 4780 grana
1319 4698 1383 4760 ista
1413 4721 1520 4761 semen
1547 4699 1581 4760 in
1612 4720 1662 4779 sc,
1695 4697 1753 4762 sed
1780 4700 1908 4783 penitus
1936 4698 2158 4762 comeduntur.

483 4815 626 4879 Fructus
651 4824 758 4877 autem
780 4814 841 4876 iste
864 4812 920 4874 trix
945 4833 1008 4875 nno
1031 4832 1115 4875 anno
1132 4814 1256 4876 crescit.
1289 4811 1398 4877 Arbor
1413 4814 1514 4878 ceiam
1529 4813 1622 4878 breui
1636 4823 1781 4900 tempore
1799 4813 1904 4895 durat,
1927 4814 1969 4877 ad
1983 4815 2089 4899 magis
2102 4814 2159 4892 ὓ15)

549 5017 576 5083 a)
594 5013 709 5066 1115116111
728 5009 767 5064 St.
784 5010 936 5062 minoribus
955 5008 980 5061 11.
1001 5040 1033 5046 -
1060 5009 1089 5078 b)
1105 5010 1209 5063 sirnilce
1228 5028 1280 5065 om.
1301 5012 1348 5072 St,
1369 5009 1454 5064 habet
1470 5011 1496 5065 h.
1517 5042 1548 5050 -
1576 5016 1602 5084 c)
1619 5013 1717 5065 ralmce
1735 5011 1776 5066 St.
1796 5042 1828 5053 -
1853 5011 1882 5082 d)
1899 5013 2003 5065 zechara
2022 5010 2062 5065 St.
2082 5042 2115 5049 —
2133 5011 2160 5079 e)

615 5098 667 5149 (bre
685 5096 717 5149 St
728 5094 753 5147 11.
772 5125 803 5131 -
822 5092 848 5159 f)
865 5095 1031 5145 rernirurntur
1051 5094 1089 5147 st.
1106 5095 1277 5147 sornimattm'
1293 5093 1319 5148 h.
1340 5126 1373 5134 -
1390 5097 1420 5165 g)
1437 5096 1587 5150 lut-beantur
1605 5094 1645 5151 st.
1664 5096 1782 5149 babeant
1800 5094 1825 5149 h.
1840 5126 1873 5134 -
1890 5095 1919 5161 11)
1937 5097 1986 5149 isti
2004 5094 2044 5149 St.
2062 5096 2117 5149 ista
2133 5093 2159 5147 h.

622 5209 649 5216 -
669 5179 689 5248 i)
708 5180 793 5232 bontra
810 5179 849 5230 st.
870 5206 900 5215 -
920 5177 949 5245 11)
967 5178 1051 5246 coplei
1066 5176 1099 5230 st
1125 5178 1239 5247 cophini
1257 5177 1283 5230 11.

545 5356 617 5423 636)
638 5350 778 5425 cophinis]
802 5348 946 5408 corbibus,
1343 5349 1503 5422 medicum,
1534 5352 1687 5428 persicum.
1730 5351 1777 5409 De
1805 5349 1950 5409 vocabulo
1972 5351 2082 5409 sitriae
2102 5348 2159 5407 fru-

543 5454 614 5522 639)
644 5449 803 5525 aurarrpes]
837 5448 1006 5505 Narancum
1037 5456 1081 5506 est
1110 5448 1219 5505 malum
1250 5468 1299 5506 au·
1342 5456 1401 5507 stra
1423 5449 1620 5507 consuluimus
1642 5449 1744 5508 lexica.

481 5568 572 5611 reum.
616 5548 754 5606 Formam
776 5547 914 5622 narangis
936 5567 994 5605 non
1015 5546 1103 5606 habet
1118 5547 1300 5623 Ducangius.
1403 5551 1475 5621 642)
1505 5549 1674 5623 electuaria]
1703 5547 1854 5618 electuris,
1887 5548 2055 5625 ecligmate,
2087 5547 2107 5605 i.
2134 5565 2158 5605 c.

546 5653 725 5721 646)ρ11111α
747 5645 818 5721 Arte]
849 5642 894 5705 ef.
917 5645 995 5722 Mag.
1024 5644 1189 5703 Thietmari
1217 5664 1299 5723 pere·
1341 5645 1460 5705 sorbitio
1482 5646 1588 5707 mollis.

480 5746 675 5823 grinationem
695 5744 817 5808 XXIX,
842 5752 858 5804 4
879 5766 907 5822 p.
931 5748 968 5803 52
998 5751 1026 5801 et
1048 5763 1123 5821 quae
1145 5744 1185 5802 ibi
1208 5764 1297 5802 anno·
1403 5749 1474 5817 643)
1492 5765 1581 5820 ponta
1599 5745 1755 5821 paradise]
1779 5744 1824 5806 cf.
1845 5746 1939 5804 Ritter
1960 5743 2045 5802 XVI.
2074 5745 2138 5801 183.

479 5842 624 5904 tavimus.
1405 5847 1475 5915 644)
1498 5844 1691 5918 competentis]
1712 5844 1782 5903 satis
1804 5844 1913 5920 magni.

545 5945 615 6016 641)
643 5942 762 6016 <arnnal
793 5940 888 6000 Citius
917 5939 1030 5999 medica
1059 5940 1161 6019 Linn.;
1190 5943 1298 6000 malum
1403 5946 1474 6015 645)
1497 5945 1538 5999 ud
1559 5943 1661 6019 inopis]
1685 5963 1836 6001 summum.
