5334 6975
1298 678 1338 737 75

480 872 577 938 super
598 860 775 916 torrentem
796 851 925 918 Cedron
947 852 1112 934 similiter,
1140 852 1249 917 sedin
1270 854 1353 917 atrio
1374 855 1494 942 templi.
1538 854 1613 920 Hoc
1641 865 1748 919 tamen
1771 858 1868 938 scito,
1899 857 1986 942 quod
2006 857 2067 921 hee
2087 879 2152 921 non

478 976 549 1031 erat
568 978 664 1053 porta
686 968 846 1049 ciuitatis,
877 968 933 1032 sed
955 966 1077 1054 templi.
1119 968 1183 1033 Per
1212 990 1285 1032 eam
1314 969 1474 1055 siquidem
1496 981 1566 1035 erat
1586 972 1641 1034 uia
1663 970 1702 1035 de
1724 983 1832 1036 monte
1854 971 1964 1037 olineti
1985 994 2044 1057 per
2067 993 2152 1037 eom-

477 1081 630 1169 pendium
660 1082 822 1169 quoddam
852 1082 938 1149 ultra
966 1083 1083 1149 uellem
1102 1083 1259 1170 Iosaphat
1280 1105 1341 1170 per
1362 1085 1557 1151 testudinem
1578 1085 1750 1174 quandam.
1792 1086 1838 1151 Et
1857 1090 1943 1150 intra
1965 1088 2060 1151 istam
2083 1100 2153 1151 erat

476 1210 570 1277 porta
603 1202 719 1277 tempti,
752 1220 814 1284 que
842 1198 1010 1265 dicebatur
1036 1199 1278 1279 speciora²)⁵‘-'⁸).
1321 1199 1374 1263 De
1400 1200 1463 1266 hac
1484 1211 1554 1266 erat
1576 1202 1631 1266 uia
1651 1204 1685 1266 in
1705 1201 1896 1266 Bethaniam
1921 1213 1952 1266 et
1972 1202 2100 1268 Iericho
2122 1213 2153 1267 et

476 1311 660 1379 Iordanem.

603 1427 731 1494 Octauo
752 1439 848 1516 porta
868 1430 931 1495 fuit
951 1453 971 1494 a
989 1432 1156 1517 superiore
1177 1430 1324 1494 similiter
1345 1430 1514 1514 australis,
1548 1454 1645 1518 super
1666 1442 1841 1497 torrentem
1863 1431 1992 1498 Cedrou
2011 1435 2046 1497 in
2066 1433 2152 1497 ualle

478 1545 558 1627 sita,
587 1545 671 1610 inter
700 1555 839 1609 montem
861 1545 940 1611 Sion
970 1558 1001 1610 et
1031 1556 1171 1611 montem
1201 1545 1322 1632 templi.
1365 1546 1409 1611 Et
1437 1546 1605 1612 dicebatur
1633 1561 1727 1626 porta
1744 1552 1841 1624 fontis
1863 1551 1942 1610 Siler
1969 1551 2039 1613 siue
2057 1563 2150 1628 portu

477 1662 703 1743 aquarum529),
727 1663 803 1748 quia
825 1661 964 1726 ducebat
984 1661 1027 1726 ad
1048 1663 1170 1725 fontem
1191 1671 1221 1725 et
1244 1664 1440 1727 natatoriam
1462 1662 1549 1727 Silue
1572 1674 1604 1726 ot
1623 1662 1741 1727 uallem
1760 1662 1971 1740 Gehennone
1991 1677 2022 1728 et
2035 1664 2151 1728 Achel-

477 1774 612 1851 demach
633 1787 664 1840 et
686 1776 728 1841 ad
752 1788 857 1842 ortum
880 1780 976 1863 regis.
1019 1778 1093 1862 Ego
1115 1779 1228 1863 pocius
1250 1777 1349 1842 credo
1370 1777 1454 1842 hanc
1474 1778 1575 1842 fuisse
1604 1789 1733 1864 portam
1755 1779 1949 1866 sterquilinii
1976 1779 2151 1843 secundum

478 1893 575 1956 eitum
596 1890 750 1973 locorum,
774 1915 871 1979 quam
891 1893 987 1957 aliam
1011 1894 1239 1979 supradictam.
1271 1893 1340 1957 Nee
1361 1894 1469 1975 credo,
1491 1894 1577 1979 quod
1597 1894 1706 1980 plures
1728 1902 1855 1981 portae)
1876 1896 1996 1959 luerint
2016 1896 2050 1957 iu
2064 1894 2151 1958 leru-

478 2006 595 2089 salem,
625 2008 701 2091 quia
730 2009 906 2073 secundum
938 2010 1079 2073 ciuitatis
1106 2010 1202 2074 situm
1230 2031 1295 2072 non
1320 2022 1413 2073 erant
1434 2011 1616 2074 necessarie
1636 2033 1695 2097 per
1717 2021 1820 2075 totum
1842 2013 2012 2075 circadtum
2033 2012 2151 2074 montis

476 2121 563 2187 Sion.
605 2122 648 2187 Et
671 2125 698 2187 si
720 2135 815 2209 porta
837 2134 907 2188 erat
928 2126 1127 2206 necessaria,
1156 2134 1265 2187 tamen
1286 2124 1490 2189 nullomodo
1512 2147 1582 2190 esse
1604 2124 1920 2211 Ρ5155511510)531),
1945 2128 2021 2212 quia
2043 2125 2150 2212 dispo·

477 2240 551 2302 sitio
571 2237 634 2303 loci
652 2239 861 2325 impediebat,
884 2242 940 2327 qui
962 2241 1104 2327 undique
1125 2247 1299 2325 prereptus
1322 2250 1401 2304 erat.

600 2354 795 2432 Montes⁵³¹)
818 2367 924 2420 autem
947 2358 1034 2419 cirea
1054 2353 1231 2419 Ierusalem
1252 2365 1345 2419 erant
1364 2356 1415 2418 ist'
2170 2373 2185 2421 6

598 2468 652 2533 Α1)
673 2471 820 2535 orientali
842 2481 935 2558 parte
957 2472 1098 2535 ciuitatis
1118 2482 1189 2535 erat
1209 2494 1291 2532 orons
1312 2476 1413 2532 otiaeti
1423 2470 1498 2554 ⁵³²),
1526 2493 1625 2557 supra
1644 2470 1744 2554 illam,
1765 2474 1869 2536 maior
1894 2483 1926 2535 et
1946 2472 2047 2535 alcior
2070 2484 2151 2535 ceto·

476 2587 523 2650 ris
550 2584 729 2667 montibus,
759 2589 814 2670 qui
841 2599 933 2652 crant
962 2588 1050 2652 eirca
1075 2586 1173 2651 illam.
1216 2588 1289 2663 In0)
1317 2588 1386 2651 eius
1409 2589 1593 2651 summitate
1614 2586 1765 2651 edificata
1786 2599 1835 2651 est
1858 2587 1994 2651 eeclesia
2015 2588 2049 2650 iu
2070 2586 2151 2667 loco,

477 2700 535 2766 ubi
548 2701 709 2765 Dominus
731 2702 879 2767 ascendit
898 2706 932 2767 in
954 2702 1067 2767 celum.
1103 2704 1141 2767 Iu
1164 2706 1254 2768 cuius
1273 2702 1381 2768 medio
1403 2713 1452 2768 est
1473 2702 1562 2768 locus
1583 2702 1704 2766 ibidem
1719 2715 1751 2767 et
1763 2703 1903 2789 desuper
1919 2703 2151 2789 apertura⁵³³)‚

478 2826 514 2882 ut
545 2827 655 2903 pateat
682 2816 771 2881 locus
793 2820 895 2882 eciam
917 2820 950 2882 in
972 2828 1064 2900 aere,
1093 2841 1267 2906 perquem
1288 2819 1443 2885 ascendit.
1488 2818 1609 2883 Uerum
1631 2828 1692 2900 est,
1724 2818 1811 2905 quod
1830 2818 1915 2904 lapis
1936 2817 2007 2898 ille,
2034 2821 2068 2882 iu
2089 2840 2151 2904 quo

479 2934 644 3013 stetit⁵³⁴)‚
667 2934 795 3019 quando
817 2934 973 3016 ascendit,
996 2918 1105 3021 etqui
1127 2937 1266 3020 uestigia
1288 2936 1357 2999 eius
1378 2936 1539 3021 impressa
1560 2933 1700 3016 tenebat,
1723 2937 1848 3020 positus
1868 2935 1929 2998 fuit
1949 2933 2071 2998 ibidem
2088 2957 2150 2996 me·

479 3051 660 3126 meria⁵³⁵)‚
703 3049 804 3135 Lapis
828 3073 903 3115 uero
924 3051 979 3114 ille
1001 3053 1123 3137 pesitus
1146 3061 1195 3114 est
1217 3054 1250 3114 in
1273 3051 1527 3116 abstractionem
1548 3053 1622 3115 ostii
1644 3049 1809 3114 orientalis
1833 3052 1902 3113 sine
1924 3050 2022 3131 calce,
2044 3061 2152 3114 tamen

478 3175 512 3229 et
538 3173 646 3250 potest
673 3164 754 3228 bene
782 3166 896 3251 aliquis
925 3169 1085 3231 inmittere
1116 3189 1247 3230 manum
1269 3179 1301 3230 et
1321 3177 1456 3252 tangere
1478 3168 1632 3251 uestigia,
1666 3167 1808 3229 sednon
1830 3165 1950 3230 uidere.
1992 3165 2031 3229 ln
2052 3165 2153 3229 latere

479 3278 573 3343 huius
595 3279 729 3344 ecclesie
753 3282 887 3346 adheret
907 3282 1032 3369 capella
1053 3282 1193 3370 quedam
1214 3282 1256 3347 ad
1278 3294 1438 3363 austrum,
1459 3285 1493 3346 in
1514 3305 1578 3368 qua
1601 3281 1786 3368 speluncas)
1809 3280 1970 3366 sepulta⁸J
1991 3294 2040 3344 cst
2060 3281 2152 3344 Pela-

442 3421 446 3428 ’
479 3397 647 3480 glande,
671 3398 832 3481 quondam
853 3399 979 3463 famosa
1000 3400 1169 3479 meretrix,
1192 3421 1288 3484 quam
1309 3399 1470 3463 Dominus
1492 3406 1606 3485 postea
1627 3401 1774 3482 graciam
1796 3398 1975 3481 penitencie
1995 3401 2025 3461 ei
2048 3399 2153 3461 conse

478 3512 580 3577 rende
605 3512 735 3598 reliquit
755 3515 980 3600 peccatoribus
1003 3517 1036 3579 in
1058 3514 1251 3600 exemplum.
1293 3515 1442 3597 Dicitur,
1470 3514 1556 3602 quod
1576 3516 1611 3578 in
1631 3525 1765 3600 peccato
1789 3513 1917 3578 mortali
1941 3515 2083 3578 existens
2105 3517 2152 3578 in-

479 3639 527 3692 ter
555 3627 701 3691 tumbum
733 3631 801 3693 eius
831 3640 862 3694 et
890 3653 1016 3694 murum
1045 3632 1230 3716 proximum
1261 3653 1326 3696 non
1348 3641 1455 3717 potest
1475 3631 1631 3712 transire,
1664 3628 1722 3693 sed
1743 3633 1853 3694 nescio
1877 3631 2063 3712 ueritatem3
2092 3652 2153 3715 ego

478 3744 547 3808 uidi
568 3742 685 3807 multos
706 3747 854 3812 transire.

602 3859 641 3923 ln
667 3860 778 3924 eedem
800 3873 907 3926 monte
929 3874 1041 3927 centra
1063 3872 1208 3927 austrum
1228 3864 1349 3938 minus,
1377 3885 1473 3946 quam
1494 3863 1599 3924 iactus
1622 3862 1664 3925 sit
1685 3859 1823 3946 lapidis,
1846 3873 1895 3924 est
1918 3861 1984 3924 alia
2006 3860 2151 3941 ecelesia,

478 3997 540 4061 que
564 3982 666 4037 domur
682 3979 846 4055 panis⁵³²)
869 3978 996 4060 dicitur,
1018 3977 1074 4042 ubi
1097 3978 1256 4043 Dominus
1278 3977 1456 4062 discipulos
1478 3977 1588 4042 docent
1609 3999 1719 4055 orare,
1743 3988 1774 4039 et
1795 3975 2001 4040 Dominicam
2024 3977 2152 4041 Oratio·

478 4093 605 4188 nemin
630 4092 740 4176 lapide
761 4092 808 4156 ibi
830 4095 970 4179 scripsit.
1282 4065 1286 4074 Ι

604 4213 692 4268 Mora
714 4210 954 4286 offensionem)
981 4219 1094 4272 centra
1115 4219 1259 4272 ausuum
1281 4208 1327 4272 illi
1351 4207 1494 4286 adiacet,
1517 4218 1736 4292 competenter
1757 4206 1857 4289 altus,
1879 4207 1936 4271 eed
1957 4230 2015 4294 per
2036 4207 2153 4271 uallem

546 4404 694 4473 alapenses
712 4404 752 4459 St.
770 4407 895 4475 aprecioaa
914 4406 939 4459 h.
961 4437 993 4444 -
1013 4405 1041 4477 b)
1059 4404 1175 4457 lederna]
1195 4405 1226 4459 st
1239 4404 1265 4457 h.
1284 4437 1316 4445 --
1342 4409 1368 4472 c)
1382 4412 1478 4474 parter
1496 4404 1537 4459 st.
1554 4412 1637 4474 porte
1654 4404 1680 4456 b.
1699 4434 1730 4442 -
1753 4404 1783 4474 d)
1799 4405 1841 4456 iet
1857 4421 1910 4461 om.
1930 4404 1962 4459 St
1975 4404 2001 4458 h.
2022 4436 2052 4444 —
2073 4406 2099 4475 e)
2119 4411 2155 4459 Et

615 4485 655 4543 St.
690 4487 724 4540 In
746 4489 822 4544 editt.
848 4523 880 4531 -
904 4490 931 4560 f)
949 4489 1079 4558 apotome
1097 4486 1138 4542 St.
1162 4504 1213 4541 om.
1234 4487 1260 4542 h.
1288 4519 1320 4526 —
1344 4492 1374 4559 g)
1392 4489 1499 4558 55155115
1524 4505 1576 4541 om.
1595 4491 1633 4542 St.
1660 4487 1744 4541 habet
1761 4486 1787 4541 h.
1812 4518 1845 4528 -
1873 4488 1901 4555 h)
1921 4489 2097 4560 peloyirapia
2114 4494 2154 4545 st.

615 4570 730 4641 Pelagio
748 4571 774 4626 b.
810 4573 939 4627 Fortasse
957 4571 1102 4642 legendum
1119 4578 1174 4624 est:
1192 4571 1311 4640 Pelopia
1329 4574 1404 4641 apia,
1422 4574 1438 4625 i.
1458 4592 1481 4625 5.
1500 4580 1605 4625 serrata.
1640 4570 1682 4625 ef.
1701 4571 1838 4640 Ducauge
1856 4590 1880 4624 v.
1898 4574 1987 4641 apicis.

547 4761 618 4831 523)
636 4768 729 4834 porta
748 4761 847 4836 templi
863 4761 984 4836 quadie.
1000 4761 1142 4835 speciosa]
1164 4760 1297 4820 el-Baha.
1403 4766 1474 4833 534)
1496 4760 1575 4835 lupis
1593 4792 1636 4808 <—
1657 4760 1745 4834 stetit]
1770 4760 1805 4822 V.
1824 4760 1937 4820 'l'obler
1951 4762 2007 4821 Die
2024 4761 2154 4842 Siloabq.

477 4855 516 4917 V.
539 4856 653 4916 'l'obler
675 4857 753 4936 Top.
776 4881 802 4918 v.
824 4860 887 4919 der.
911 4861 933 4919 l.
959 4865 1024 4930 159,
1052 4865 1115 4930 164,
1138 4865 1194 4919 500
1218 4880 1260 4939 eq.
1339 4882 1368 4939 p,
1394 4863 1562 4920 105-113.

544 4961 616 5028 529)
634 4966 727 5031 11011α
751 4959 851 5029 f⁰⁷⁸ll³
873 4958 952 5016 Silt’e
981 4959 1221 5035 8106010010101
1250 4958 1295 5017 Cf·
1401 4987 1472 5055 535)
1495 4981 1642 5056 mernoria]
1665 4993 1804 5059 tanquam
1826 5001 1871 5040 res
1894 4981 2099 5042 memorabilis.

478 5073 556 5133 quae
577 5057 790 5171 annotavimus
804 5055 842 5114 ad
865 5056 951 5118 VIIl.
978 5066 989 5116 l
1015 5062 1172 5169 5515132.
1255 5159 1261 5170 .
1403 5109 1473 5176 536)
1495 5106 1630 5181 pelam]
1651 5105 1687 5165 v·
1710 5104 1824 5163 Tobler
1836 5105 1892 5162 Die
1906 5101 2036 5185 silom
2053 5127 2081 5186 p·
2102 5112 2156 5168 125

542 5159 612 5225 530)
636 5154 683 5229 abr]
712 5155 889 5213 Particulam
918 5157 994 5214 hanc
1022 5176 1039 5214 e
1066 5167 1232 5216 coniectura
1253 5178 1295 5215 m-
1341 5209 1450 5264 ’¹32‘

478 5251 634 5311 serendam
657 5252 801 5312 duximus.

541 5355 613 5424 531)
639 5353 765 5427 Mamer]
800 5352 877 5411 Ante
912 5353 988 5411 hanc
1012 5350 1182 5412 'sectionem
1209 5354 1296 5413 aliani
1401 5331 1471 5398 537)
1493 5326 1715 5402 d⁰¹¹²¹⁴³Ps¹⁷²l⁸l
1738 5325 1972 5401 N¹¹¹¹⁰⁰0⁰¹⁰⁸l³r
1994 5329 2157 5406 ί1111100101·

476 5456 568 5508 totam
591 5451 690 5507 inserit
712 5450 800 5508 editio
821 5462 934 5512 veneta,
1340 5439 1392 5499 tur,
1408 5428 1497 5485 Pater
1510 5427 1628 5485 Noster.
1656 5425 1692 5484 V.
1704 5424 1818 5483 'l'obler
1833 5424 1889 5482 Die
1907 5424 2036 5508 Siloabq.
2051 5449 2079 5506 p.
2099 5432 2155 5488 239

541 5551 613 5621 532)
643 5568 723 5606 aroris
750 5551 858 5626 oliuetr]
890 5551 938 5610 De
970 5571 1027 5629 quo
1055 5551 1147 5610 fusius
1177 5555 1298 5631 exponit
1339 5530 1440 5586 ‘243
1463 5536 1493 5585 el
1514 5527 1654 5604 imprimis
1676 5545 1704 5602 P·
1731 5527 1798 5582 ²4²·

478 5642 566 5706 Titus
590 5646 706 5705 'sobler
732 5650 763 5706 iu
783 5647 857 5707 libro
885 5670 987 5709 aureo:
1014 5650 1073 5709 Die
1096 5649 1297 5730 Siloabquelle
1404 5654 1474 5720 538)
1503 5668 1583 5705 arone
1612 5643 1792 5723 offensionis]
1827 5645 1916 5703 Hunc
1944 5656 2072 5705 montem
2099 5648 2157 5704 lto·

476 5765 505 5805 u.
528 5744 581 5805 der
602 5744 740 5824 Oelberg.
784 5746 824 5808 St.
848 5746 955 5806 Gallen
981 5753 1066 5808 1852.
1339 5748 1463 5807 binsono
1493 5757 1565 5805 teste
1593 5748 1703 5825 primus
1732 5754 1941 5802 commemorat
1962 5745 2156 5806 Burchardus¹

539 5851 611 5917 533)
639 5854 665 5902 et
691 5849 818 5922 desuper
848 5847 1004 5922 apertura]
1034 5846 1070 5906 V.
1102 5846 1216 5907 Tobler
1238 5849 1295 5907 Die
1339 5847 1375 5906 V.
1397 5844 1550 5904 Robinson
1571 5844 1634 5903 Pal.
1657 5843 1697 5902 ΙΙ,
1721 5847 1758 5904 12
1782 5853 1839 5902 not.
1857 5851 1891 5915 1.,
1915 5842 2097 5902 TablerDie
2115 5845 2157 5904 Si·

479 5941 679 6024 Siloahquelle
701 5967 728 6024 p.
751 5952 798 6007 98.
1338 5945 1435 6024 loabq.
1458 5967 1487 6022 p.
1507 5947 1636 6003 77-81.

1901 6055 1949 6105 10*
