5334 6975
1331 657 1371 717 ‘le

511 834 596 919 ginis
618 832 748 898 auditur
771 834 924 919 strepitus
947 832 1014 895 eius
1035 830 1205 896 subterra
1226 833 1451 899 descendentis
1475 834 1517 899 ad
1539 834 1644 899 locum
1667 837 1772 902 istum.
1805 837 1984 923 Iunguntur
2004 842 2035 904 ei
2055 841 2188 926 insuper

512 972 596 1037 aque
618 959 771 1013 exeuntes
791 947 831 1012 de
852 948 988 1033 piscinis
1007 948 1090 1025 istis,
1113 957 1145 1010 et
1166 948 1213 1011 sic
1234 970 1346 1014 omnes
1369 950 1569 1015 descendunt
1587 953 1621 1014 in
1644 950 1761 1016 uallem
1787 955 2034 1036 Gelenaonffl),
2056 975 2118 1040 que
2140 954 2188 1018 di·

512 1067 596 1130 citur
618 1066 720 1129 eciam
742 1063 833 1128 locus
859 1062 1048 1142 Toplct⁴⁹⁵b
1085 1062 1125 1126 In
1146 1085 1210 1149 qua
1230 1064 1314 1131 ualle
1337 1076 1387 1131 est
1408 1066 1492 1153 lapis
1514 1071 1660 1130 Zoleletlr.
1695 1067 1821 1131 ibidem
1843 1079 1891 1132 est
1910 1070 2014 1133 eciam
2035 1070 2108 1133 fons
2127 1074 2188 1132 Ro-

509 1182 643 1262 pct⁴⁸⁶),
677 1179 732 1244 ubi
758 1178 972 1254 Adoniasro
1007 1177 1084 1242 feeit
1114 1181 1295 1245 conuiuium
1331 1182 1443 1247 uolens
1472 1203 1619 1267 regnare.
1666 1181 1793 1247 Ibidem
1820 1185 1923 1248 eciam
1957 1183 2101 1270 sepultus
2128 1186 2189 1249 fuit

511 1296 639 1377 Ysaias,
662 1296 717 1381 qui
737 1296 832 1358 iuxta
853 1293 974 1356 fontem
989 1291 1077 1358 Siloa
1099 1315 1190 1360 serra
1211 1297 1272 1360 suit
1293 1299 1482 1375 sectus⁴⁸⁸).
1526 1297 1591 1377 Qtn
1612 1297 1702 1361 loeus
1727 1297 1825 1362 distat
1847 1298 1889 1362 ab
1911 1300 1973 1363 isto
1995 1299 2068 1385 plus
2090 1321 2188 1387 quam

510 1413 618 1476 iacere
639 1422 746 1499 petest
770 1432 874 1474 arcus.
897 1445 938 1455 —
959 1408 1004 1472 Et
1026 1420 1101 1473 sunt
1121 1408 1193 1475 loca
1214 1410 1271 1476 illa
1292 1415 1500 1478 amenissima
1521 1426 1553 1477 et
1573 1416 1636 1477 orti
1651 1424 1682 1477 et
1699 1413 1867 1495 uiridaria,
1891 1425 1922 1478 et
1939 1414 2065 1479 deliciis
2081 1415 2188 1502 plena,

512 1537 543 1591 et
563 1537 690 1592 torrens
711 1526 840 1592 Cedron
860 1527 947 1608 rigat
969 1547 1015 1589 ea.

636 1642 743 1728 Super
766 1643 850 1706 hune
871 1640 978 1705 locum
998 1651 1047 1705 cst
1070 1665 1151 1703 arrone
1173 1644 1423 1721 offensionis⁴³²').
1466 1644 1510 1708 Et
1531 1644 1622 1708 lucus
1643 1644 1703 1708 fuit
1724 1646 1758 1707 in
1779 1643 1863 1708 ualle
1885 1647 1947 1709 ista
1961 1648 2033 1728 ⁴⁹⁰),
2057 1657 2088 1710 et
2109 1647 2187 1710 trai-

513 1758 709 1835 ciebant⁴⁹¹)
730 1757 814 1821 lilios
837 1779 912 1821 suos
934 1778 992 1841 per
1014 1757 1132 1842 ignem,
1155 1767 1185 1820 ct
1207 1757 1356 1822 celebant
1377 1759 1465 1824 idola
1484 1759 1540 1824 ibi.

636 1872 709 1938 Hoc
732 1874 772 1938 de
794 1872 866 1953 hiis,
891 1894 952 1958 que
972 1883 1046 1935 sunt
1068 1871 1156 1936 dicta
1178 1874 1267 1936 circa
1288 1875 1470 1957 ciuitatem,
1494 1875 1663 1939 sufficiant.

479 1992 494 2041 2
637 1991 723 2055 Nota
743 2010 831 2074 erge,
854 1987 940 2074 quod
961 1986 1035 2051 loca
1055 1987 1157 2051 multa
1179 1999 1292 2052 sancta
1314 2003 1389 2054 sunt
1410 1991 1444 2054 in
1466 1992 1597 2055 ciuitate
1618 1991 1661 2055 ad
1684 1990 1885 2056 deuotioncm
1907 1991 2109 2070 exeitancia,
2132 2003 2189 2066 tot,

513 2105 599 2191 qued
626 2105 696 2170 dies
729 2128 794 2169 non
820 2103 940 2168 sufficit
966 2102 1010 2167 ad
1036 2103 1258 2190 peragendum
1287 2106 1424 2191 singula.
1467 2110 1603 2169 Ecclesia
1630 2118 1738 2171 tamen
1760 2110 1859 2169 saneti
1879 2107 2078 2186 sepulcri⁴⁹²)
2100 2118 2189 2170 tenet

513 2225 597 2288 inter
618 2224 726 2287 emnia
747 2222 976 2307 principatum.

634 2337 784 2402 Ecclesia
807 2338 871 2400 ista
890 2334 1030 2400 rotunda
1050 2347 1108 2417 cst,
1130 2346 1162 2399 et
1183 2335 1282 2400 habet
1300 2358 1359 2423 per
1380 2337 1574 2402 diametrum
1593 2339 1675 2401 inter
1698 2336 1886 2422 columpnas
1908 2336 2052 2401 LXXIH
2074 2335 2187 2422 pedes,

513 2465 621 2541 preter
643 2453 789 2535 absides,
817 2474 878 2537 que
909 2449 1030 2515 habent
1049 2472 1107 2536 per
1131 2453 1301 2516 circuitam
1320 2475 1340 2515 a
1360 2475 1453 2517 muro
1476 2454 1630 2518 exteriori
1650 2452 1784 2517 ecclesie
1805 2452 1906 2516 XXX
1927 2452 2037 2538 pedes.
2080 2457 2188 2538 Super

513 2568 697 2656 sepulcrum
724 2569 874 2648 Domini,
908 2565 995 2654 qued
1026 2576 1075 2630 cst
1106 2567 1139 2630 in
1171 2568 1277 2633 medio
1308 2567 1463 2649 ecclesie,
1493 2579 1543 2632 est
1569 2578 1722 2654 apertura
1743 2567 1965 2649 rotundam),
1996 2568 2042 2631 ita
2063 2581 2098 2631 ut
2119 2578 2188 2632 tota

514 2693 662 2773 crypta⁸)
685 2682 827 2770 sepulcri
850 2684 893 2746 sit
915 2681 975 2746 sub
998 2682 1083 2749 diuo.

641 2803 813 2879 Gotpataaa
836 2807 944 2862 autem
965 2801 1089 2858 eeclesia
1111 2796 1245 2862 adheret
1265 2799 1329 2880 isti,
1350 2809 1381 2861 et
1404 2809 1453 2862 est
1473 2799 1632 2884 oblonga,
1653 2799 1724 2864 loco
1747 2797 1836 2864 cheri
1857 2796 1991 2863 ecclesie
2013 2800 2117 2862 sancti
2139 2821 2187 2863 se·

514 2917 619 3004 pulcri
641 2915 805 2995 adiuncta,
829 2913 886 2977 sed
908 2935 1023 2998 parum
1045 2912 1223 2977 demissior.
1267 2913 1350 2978 Sunt
1369 2925 1477 2979 tamen
1499 2915 1594 2979 ambe
1616 2914 1675 2979 sub
1697 2938 1760 2980 une
1781 2924 1875 2978 tecto.

639 3030 817 3117 Spelunca,
839 3031 955 3116 inqua
977 3039 1026 3092 est
1046 3034 1213 3108 repuleram
1234 3032 1357 3091 Domini
1363 3082 1371 3109 ,
1391 3029 1490 3096 habet
1510 3033 1544 3096 in
1564 3031 1765 3117 longitudine
1782 3030 1861 3095 VIII
1881 3030 1995 3116 pedes,
2024 3031 2058 3094 in
2080 3029 2186 3094 latitu-

515 3147 590 3212 dine
612 3146 759 3211 similiter
782 3145 877 3227 VIII,
904 3146 1048 3209 exterius
1072 3144 1214 3230 undique
1235 3155 1321 3209 tecta
1342 3167 1519 3228 marmore,
1550 3146 1607 3212 sed
1628 3148 1762 3211 interius
1784 3154 1833 3209 cst
1854 3167 1951 3231 rupes
1973 3146 2077 3228 nuda,
2104 3146 2189 3210 sicut

512 3264 574 3328 fuit
603 3265 637 3328 in
664 3274 809 3348 tempore
838 3261 1013 3348 sepulture.
1057 3261 1186 3324 Ostium
1206 3260 1249 3323 ad
1268 3259 1353 3325 hane
1376 3262 1561 3348 speluncam
1584 3264 1750 3338 intrat⁴”⁴)
1774 3262 1815 3325 ab
1838 3263 1977 3343 oriente,
2008 3261 2186 3326 demissum

511 3379 608 3444 ualde
630 3389 662 3444 et
684 3401 830 3466 paruum.

637 3495 766 3560 Tumba
793 3517 869 3559 uero
901 3494 1006 3557 sancti
1035 3491 1175 3578 sepulcri
1209 3504 1258 3557 est
1283 3494 1325 3557 ad
1356 3495 1505 3559 dextram
1526 3498 1676 3559 intrantis
1697 3496 1790 3558 iuxta
1811 3495 1969 3580 parietem
1990 3493 2033 3557 ad
2057 3505 2184 3579 septen-

512 3615 664 3693 trionem,
686 3611 726 3675 de
748 3631 908 3674 marmore
930 3609 1029 3693 grisei
1050 3607 1179 3691 coloris,
1212 3609 1279 3673 alta
1298 3632 1318 3674 a
1339 3611 1509 3697 superdicie
1529 3612 1707 3697 pauimenti
1728 3609 1832 3674 tm'bus
1853 3608 1985 3695 palmis,
2011 3608 2109 3694 longa
2131 3630 2185 3694 pe·

514 3728 609 3793 dibus
632 3728 720 3810 VIII,
744 3727 827 3790 sicut
845 3735 893 3788 est
912 3725 1048 3787 interius
1068 3724 1142 3809 ipsa
1163 3730 1313 3810 cryptab)
1337 3728 1406 3790 siue
1430 3726 1602 3812 spelunca,
1625 3738 1656 3790 et
1678 3748 1719 3789 ex
1741 3731 1827 3790 omni
1849 3735 1944 3811 parte
1968 3725 2097 3805 clausa,
2127 3746 2185 3789 nee

512 3844 619 3908 lumen
642 3854 748 3929 potest
769 3839 882 3904 haberi
904 3841 1096 3903 intrinsecus
1118 3839 1160 3903 ab
1183 3842 1366 3905 extrinseco
1378 3890 1387 3923 ,
1415 3843 1491 3926 quia
1512 3842 1653 3906 fenestra
1681 3864 1745 3907 non
1765 3852 1829 3923 est,
1857 3843 1988 3906 mittens
2010 3839 2117 3904 lumen
2138 3842 2185 3905 in·

512 3973 572 4025 tus.
616 3959 681 4024 Sed
703 3958 844 4044 pendent
865 3955 914 4021 IX
937 3954 1104 4041 lampades
1127 3978 1223 4043 snper
1246 3956 1430 4043 sepulcrum
1449 3958 1592 4038 Domini,
1613 3959 1832 4022 ministrantes
1854 3958 1961 4022 lmnen
1981 3957 2078 4020 intus.
2109 3955 2184 4020 Alia

579 4130 607 4196 a)
625 4125 731 4193 empta
748 4125 788 4176 St.
811 4151 837 4158 -
857 4121 885 4189 b)
902 4118 1008 4188 empta
1025 4116 1065 4173 st.

512 4282 654 4322 conversa
674 4260 883 4338 Hierosolyma
903 4258 1119 4333 transmigravit
1139 4258 1326 4336 imperatoris
1369 4261 1437 4330 207,
1460 4278 1517 4337 quo
1538 4269 1611 4318 teste
1631 4276 1709 4318 nunc
1729 4278 1826 4317 morus
1848 4278 1938 4339 propo
1960 4259 2070 4317 fontem
2084 4256 2185 4316 Silosh

514 4360 630 4420 Claudii
650 4359 839 4439 temporibus.
884 4354 929 4416 ef.
951 4355 1045 4414 Ritter
1064 4354 1106 4414 X.
1128 4359 1195 4416 252.
1368 4367 1544 4416 monstratur
1571 4369 1718 4435 tanquam,
1751 4357 1832 4416 locus
1861 4357 2029 4436 sepulturae
2059 4358 2184 4417 Iesaiae.

574 4464 647 4530 484)
670 4457 839 4531 Gclrcanon]
867 4455 1008 4514 Hinnom.
1058 4453 1095 4514 V.
1123 4454 1237 4513 'I'obler
1264 4454 1327 4513 To·
1369 4457 1486 4535 Inspice
1508 4455 1703 4515 Vandeveldii
1721 4455 1976 4536 ichnographiam,
1993 4457 2023 4515 in
2045 4476 2105 4536 qua
2125 4476 2185 4515 mo·

513 4576 595 4635 pogr.
617 4578 646 4616 v.
667 4557 766 4616 Jerus.
787 4556 828 4614 II.
850 4559 887 4615 39
910 4574 974 4633 sqq.
1369 4575 1419 4614 rus
1439 4555 1491 4613 illa
1512 4554 1690 4634 lepidissime
1712 4556 1790 4634 picta
1809 4575 1868 4613 non
1890 4553 2079 4614 desideratur.

575 4660 646 4726 485)
671 4654 790 4730 Toplrct]
812 4653 954 4732 'I'haphet
975 4672 997 4710 s.
1014 4650 1135 4729 Tophet
1155 4651 1246 4710 altare
1267 4660 1329 4711 erat
1432 4657 1503 4725 489)
1519 4673 1601 4711 otone
1625 4653 1804 4728 offensionis]
1828 4671 1907 4711 nunc
1925 4652 2075 4713 Dschebel
2090 4655 2185 4714 Buten

512 4754 542 4812 in
570 4752 647 4811 valle
670 4750 714 4811 Ge
737 4752 801 4810 Ben
823 4750 963 4809 Hinnom.
1007 4749 1043 4809 V.
1066 4749 1178 4809 Tobler
1199 4750 1276 4829 Tep.
1298 4772 1327 4814 v.
1370 4751 1515 4811 el·Hawri.
1558 4750 1604 4811 cf,
1626 4751 1737 4810 'I'obler
1755 4752 1812 4810 Die
1833 4749 1962 4830 Siloahq.
1985 4773 2015 4831 p.
2037 4757 2166 4815 77-81.

511 4850 610 4911 Jerus.
633 4852 676 4911 11.
699 4857 754 4922 44,
781 4851 830 4929 qui
854 4849 940 4908 docet
960 4846 1121 4906 Burebardi
1146 4849 1329 4920 sententiam,
1431 4855 1502 4925 499)
1526 4851 1556 4908 ia
1583 4851 1661 4908 valle
1687 4849 1753 4925 ista]
1786 4848 1960 4910 Gehemron.
2003 4848 2049 4909 Gi.
2071 4851 2185 4910 Tobler

512 4950 562 5028 qui
585 4949 706 5029 'I'ophst
735 4948 813 5008 idem
840 4968 904 5008 esse
933 4958 1031 5006 censet
1052 4945 1132 5026 qued
1154 4944 1328 5020 Geltennon,
1371 4948 1505 5027 'l'opoga
1523 4970 1550 5009 v.
1570 4949 1670 5009 Jeme.
1694 4949 1733 5008 II
1756 4955 1803 5009 45.

513 5048 676 5107 confirmari
698 5048 871 5106 auctoritate
889 5046 1033 5106 Ieremiae
1055 5045 1127 5105 VH.
1149 5047 1197 5105 ³2.
1432 5054 1503 5121 491)
1534 5047 1719 5122 traicicbaat]
1748 5046 1947 5108 traducebant
1995 5046 2041 5108 cf.
2073 5047 2183 5109 Ezecb

575 5152 646 5219 486)
666 5153 743 5221 soar
774 5146 877 5223 Repel]
915 5145 1004 5204 Hunc
1037 5143 1199 5203 Barchardi
1231 5145 1328 5203 locum
1370 5145 1442 5206 XX.
1465 5150 1512 5207 31.

513 5257 726 5305 commentatur
753 5256 782 5305 et
810 5247 841 5305 in
866 5265 935 5304 usus
964 5264 1034 5303 sues
1056 5244 1198 5302 convertit
1219 5242 1329 5302 ltobin·
1432 5249 1503 5318 492)
1525 5244 1648 5303 eceleeia
1670 5244 1768 5302 sancti
1788 5244 1927 5320 scpulcra]
1951 5242 2048 5318 Quam
2070 5265 2184 5304 summe

512 5363 603 5404 sonus
617 5344 733 5405 Patss.
757 5350 811 5405 149
826 5365 870 5424 sq.
899 5344 980 5402 Fons
993 5342 1089 5420 Rogel
1100 5341 1138 5400 ab
1152 5341 1327 5402 aliisHiobo
1371 5364 1436 5403 eum
1457 5344 1609 5421 diligentia
1627 5342 1764 5402 describit
1778 5343 2012 5403 'l'obleruslibre
2030 5344 2183 5423 inscripto:

512 5452 542 5503 et
561 5442 671 5502 Iacobo
693 5443 879 5503 adscribitur:
901 5465 928 5503 v.
951 5442 1064 5502 Tobler
1086 5441 1164 5521 Top.
1186 5462 1214 5501 v.
1228 5439 1327 5506 Jerus.
1370 5440 1526 5520 Golgatha‚
1549 5443 1598 5521 qui
1618 5440 1725 5521 prodiit
1746 5442 1822 5500 Fani
1842 5440 1943 5501 Sancti
1963 5440 2043 5502 Galli
2065 5454 2095 5502 et
2116 5444 2183 5503 Ber·

513 5564 542 5623 p.
564 5549 601 5604 59
617 5562 660 5622 sq.
1369 5560 1426 5600 nae
1451 5545 1537 5602 1851.

578 5646 651 5715 487)
672 5641 814 5717 Adonias]
838 5641 945 5719 Ilteg.
967 5642 992 5701 I.
1009 5646 1036 5701 9.
1432 5643 1504 5712 493)
1534 5648 1679 5716 apertura
1713 5639 1852 5715 rotunda]
1890 5638 1926 5698 V.
1957 5638 2070 5699 Tobler
2096 5638 2182 5719 Golg.

575 5742 646 5815 488)
668 5760 757 5798 serra
778 5742 843 5813 suit
869 5740 974 5815 sectus]
1002 5738 1037 5798 V.
1060 5736 1173 5796 Tobler
1195 5737 1327 5817 'Pepogr.
1369 5758 1398 5817 p.
1421 5743 1486 5799 125.

514 5860 541 5899 v.
564 5838 663 5900 Jerus.
685 5841 726 5899 II.
750 5845 819 5900 205.
862 5838 910 5898 De
931 5858 1040 5917 quercu
1061 5835 1170 5914 Regel,
1192 5835 1246 5894 sub
1268 5855 1326 5914 qua
1432 5842 1502 5909 494)
1530 5840 1700 5912 speluncam
1729 5837 1831 5912 latrat]
1860 5838 1997 5896 Fortasse
2024 5835 2183 5914 legendum

515 5939 625 5997 [esaias
640 5939 772 6018 sepultus
787 5939 877 5999 fuisse
892 5937 1005 6010 dicitur,
1017 5958 1043 5997 v.
1059 5935 1172 5994 'I'ebler
1183 5955 1210 6012 p.
1225 5937 1325 5994 203-
1368 5948 1411 5995 est
1432 5937 1585 5995 intratur:
