5334 6975
1241 666 1277 726 71

421 844 525 910 eciam
547 841 704 930 spelunca
725 855 774 908 est
796 854 869 906 ante
892 841 1077 928 speluncam
1100 845 1210 924 istam,
1244 844 1388 909 eiusdem
1417 841 1627 929 longitudinis
1650 853 1682 907 et
1702 844 1882 909 latitudinis
1904 855 1936 909 et
1957 844 2095 932 disposi-

419 960 518 1026 tionis
539 961 626 1024 intra
647 968 680 1023 et
701 969 806 1023 extra.
848 957 893 1023 Et
916 957 1066 1022 uidentur
1087 961 1149 1024 iste
1170 958 1233 1024 due
1255 972 1349 1025 extra
1371 962 1525 1025 existenti
1547 981 1617 1024 esse
1638 981 1713 1042 una,
1736 959 1794 1025 sed
1816 983 1889 1025 cum
1911 962 2095 1043 intraueris,

420 1073 549 1142 uidebis
575 1096 631 1139 eas
662 1073 704 1139 ab
735 1076 872 1139 inuicem
895 1098 954 1161 per
974 1075 1116 1140 medium
1139 1086 1309 1162 separatas
1319 1085 1356 1155 ⁸).
1398 1076 1543 1141 Intratur
1572 1086 1680 1141 autem
1701 1080 1807 1162 primo
1828 1078 1892 1142 ista
1914 1085 1947 1140 et
1966 1075 2095 1140 demum

420 1190 502 1273 alia,
523 1194 558 1256 iu
580 1201 714 1279 quaest
736 1190 926 1276 sepulcrum.
969 1191 1008 1255 In
1028 1192 1126 1255 istam
1148 1194 1342 1257 exteriorem
1363 1194 1567 1257 intrauerunt
1587 1191 1754 1274 mulieres,
1777 1192 1906 1278 quando
1928 1192 2096 1257 dicebant:

421 1307 525 1390 „Quis
554 1305 698 1372 reuoluet
724 1304 818 1371 nobis
847 1305 1111 1391 lapidem?“⁴‘³⁵)
1143 1315 1175 1371 et
1206 1317 1323 1372 cetera.
1366 1308 1410 1372 Et
1440 1310 1501 1373 iste
1520 1307 1605 1395 lapis
1628 1319 1698 1372 erat
1725 1307 1895 1374 aduolutus
1918 1311 2001 1373 ostio
2024 1330 2095 1394 spe·

421 1423 515 1490 lunce
535 1422 709 1503 interioris,
730 1431 762 1485 et
781 1422 865 1485 iacet
885 1421 982 1485 bodie
1004 1444 1125 1507 magna
1145 1444 1222 1508 pars
1245 1425 1313 1488 eius
1336 1435 1411 1489 ante
1432 1426 1549 1491 ostium
1572 1423 1724 1510 spelunee
1746 1426 1910 1489 interioris
1922 1473 1931 1506 ,
1953 1425 2007 1487 cui
2028 1423 2094 1487 fue-

420 1551 473 1604 rat
501 1537 688 1618 aduolutus,
717 1538 751 1600 in
778 1537 882 1601 medio
908 1539 1009 1602 istius.
1052 1538 1128 1602 Alia
1156 1561 1234 1604 nero
1260 1561 1338 1625 pars
1367 1542 1436 1605 eius
1462 1539 1622 1604 translata
1650 1541 1753 1604 estin
1774 1551 1914 1605 montem
1937 1538 2015 1604 Sion
2032 1560 2092 1624 pro

421 1653 532 1742 lapide
553 1654 764 1740 supponendo
787 1652 893 1717 altari.
937 1653 1042 1734 Quem
1065 1656 1167 1718 eciam
1189 1654 1311 1719 ibidem
1333 1655 1411 1720 uidj.

543 1776 634 1832 Mons
655 1774 808 1844 caluaria,
828 1770 862 1832 in
884 1793 947 1857 quo
968 1770 1128 1835 Dominus
1151 1770 1325 1837 crucifixus
1347 1784 1406 1855 est,
1430 1772 1531 1837 distat
1551 1793 1572 1836 a
1592 1770 1663 1837 loco
1686 1770 1826 1856 sepulcri
1849 1792 1907 1856 per
1926 1769 2021 1835 CXX
2041 1790 2094 1854 pe·

421 1887 591 1965 desset).
634 1885 678 1949 Et
700 1884 884 1948 ascenditur
906 1884 949 1949 ad
970 1884 1090 1968 locum,
1126 1887 1182 1951 ubi
1205 1909 1285 1952 crux
1309 1889 1412 1953 infixa
1430 1892 1491 1954 fuit
1512 1890 1601 1975 rupi,
1633 1910 1693 1974 per
1714 1887 1826 1951 XVIII
1853 1886 2095 1973 pedes⁰)⁴⁹⁷)a

424 2002 597 2090 superficie
620 2002 797 2087 pauimenti
818 2002 961 2066 ecclesie.
1005 2001 1126 2068 Scissio
1149 2013 1240 2089 petre
1265 2004 1424 2087 eiusdem,
1451 2006 1485 2068 in
1508 2028 1571 2092 qua
1593 2027 1674 2069 crux
1694 2004 1755 2068 suit
1773 2001 1855 2083 fixa,
1886 2013 1976 2065 tante
1998 2022 2095 2086 capa·

422 2121 528 2186 citatis
561 2128 627 2199 cst,
654 2128 689 2181 ut
717 2127 816 2202 caput
845 2139 958 2181 meum.
1000 2118 1043 2182 Et
1065 2118 1231 2183 descondit
1252 2119 1420 2205 longitudo
1443 2124 1511 2185 eius
1534 2120 1574 2184 de
1595 2120 1666 2184 loco
1688 2118 1907 2184 crucifixionis
1928 2138 2030 2204 usque
2052 2116 2095 2180 ad

420 2237 641 2324 pauimentum
662 2234 796 2297 inferius
818 2256 876 2319 per
897 2234 1009 2298 XVIII
1032 2234 1130 2320 pedes
1140 2234 1165 2310 d)
1175 2235 1243 2317 ⁴⁹⁸),
1266 2246 1297 2299 et
1319 2235 1407 2301 color
1430 2239 1596 2322 sanguinis
1618 2236 1751 2300 Domini
1771 2235 1874 2299 nostri
1888 2234 1987 2298 Ihesu
2001 2233 2094 2299 Chri·

422 2353 462 2417 sti
488 2361 628 2438 apparet
655 2348 750 2414 hodie
779 2350 810 2411 in
840 2352 913 2435 ipsa
941 2351 1097 2414 scissione
1126 2363 1224 2437 petre.
1266 2351 1310 2415 Et
1333 2354 1445 2417 scissio
1468 2356 1540 2439 ipsa
1566 2363 1636 2418 erat
1660 2349 1719 2417 sub
1741 2372 1839 2414 manu
1860 2351 1929 2413 eius
1953 2350 2094 2412 sinistra.

421 2466 535 2532 Altare
557 2468 659 2530 eciam
682 2464 864 2529 edificatum
887 2475 936 2529 est
955 2467 1048 2529 iuxta
1071 2489 1143 2531 eum
1160 2468 1265 2533 locum
1281 2490 1394 2532 manus
1413 2471 1553 2551 sinistre,
1574 2467 1670 2533 ualde
1684 2467 1844 2540 decorum,
1866 2464 1905 2528 de
1921 2486 2091 2530 marmore.

422 2583 493 2669 Ego
523 2581 594 2646 dixi
621 2583 752 2645 missam
781 2581 821 2644 de
850 2583 1002 2666 passione
1031 2596 1062 2647 et
1092 2583 1156 2668 legi
1187 2586 1370 2670 passionem
1393 2585 1570 2650 secundum
1590 2585 1766 2650 Iohannem
1788 2584 1822 2646 in
1844 2582 1946 2645 missa
1967 2582 2001 2644 in
2022 2580 2093 2646 loeo

421 2701 492 2788 ipso
513 2697 675 2785 passionis
697 2696 827 2762 Christi.

545 2813 802 2890 Pauimentnmel
824 2812 918 2876 huius
941 2813 1065 2899 capelle
1087 2824 1224 2878 stratum
1245 2827 1294 2880 est
1315 2815 1355 2880 de
1374 2839 1535 2882 marmore
1555 2827 1656 2883 toturn
1667 2866 1676 2898 ,
1708 2826 1740 2880 ct
1758 2815 1900 2902 parietes
1923 2825 1997 2877 sunt
2017 2814 2093 2876 tecti

421 2952 582 2996 marmore
604 2937 637 2992 et
657 2950 754 3013 opere
776 2930 902 2992 musiuo
926 2928 1069 2993 decorati
1091 2929 1131 2994 de
1153 2953 1232 2995 auro
1255 2933 1438 3017 purissimo.

544 3045 597 3109 De
624 3043 768 3108 caluaria
794 3054 909 3108 contra
933 3045 1087 3108 orientem
1116 3052 1154 3111 24
1184 3046 1319 3132 pedibus
1349 3059 1399 3111 est
1430 3049 1533 3114 altare
1562 3048 1741 3135 quoddam,
1771 3046 1830 3112 sub
1861 3067 1924 3132 quo
1946 3054 2094 3129 estpars

421 3161 606 3248 columpne,
636 3159 678 3223 ad
711 3182 807 3246 quam
830 3158 1024 3237 Dominusf)
1052 3162 1113 3224 fuit
1139 3161 1337 3247 flagellatus,
1369 3164 1447 3229 illuc
1473 3165 1632 3230 translata
1655 3165 1694 3229 de
1717 3162 1812 3227 domo
1834 3160 1950 3241 Pilati,
1982 3172 2012 3223 et
2034 3158 2094 3223 sub

420 3276 530 3366 lapide
550 3276 663 3341 altaris
685 3286 734 3339 est
751 3285 847 3356 tecta,
869 3276 915 3338 ita
937 3286 971 3339 ut
992 3297 1012 3339 a
1032 3274 1182 3343 fidelibus
1204 3281 1308 3364 possit
1328 3282 1435 3365 tangi,
1465 3280 1570 3345 uideri
1593 3292 1626 3345 et
1647 3279 1798 3346 osculari.
1840 3278 1901 3342 Est
1923 3287 2029 3340 autem
2053 3272 2094 3339 de

421 3394 530 3482 lapide
553 3391 729 3479 porfiritico
752 3389 917 3476 subnigro,
938 3390 1061 3456 habens
1082 3392 1226 3458 maculas
1248 3394 1366 3459 rubeas
1387 3396 1587 3479 naturaliter,
1610 3420 1691 3482 quas
1714 3394 1817 3460 credit
1840 3393 1956 3479 uulgus
1977 3393 2093 3456 tinctu·

419 3520 506 3589 rasss)
528 3531 600 3574 esse
621 3511 787 3594 sanguinis
810 3507 941 3574 Christi.

543 3625 620 3691 Alia
640 3647 718 3711 pars
740 3624 909 3709 columpne
930 3623 1048 3689 dicitur
1067 3626 1226 3691 translata
1249 3650 1319 3692 esse
1343 3628 1665 3716 Constantinopolim.

546 3743 598 3808 De
625 3741 720 3806 altari
751 3739 921 3826 columpne
949 3741 1042 3807 huius
1071 3754 1183 3807 contra
1212 3746 1367 3809 orientem
1396 3744 1439 3809 ad
1460 3746 1493 3809 X
1519 3745 1619 3831 pedes
1652 3743 1859 3809 descenditur
1888 3763 1947 3827 per
1973 3738 2094 3825 gradus

422 3859 565 3927 XLVIII
574 3858 600 3933 9)
613 3859 671 3934 491)
694 3855 736 3920 ad
756 3855 871 3937 locum,
893 3857 947 3920 ubi
969 3857 1010 3922 ab
1032 3858 1159 3923 Helena
1178 3861 1239 3925 suit
1263 3883 1343 3925 crux
1365 3861 1507 3926 inuenta.

546 3975 590 4039 Et
612 3984 661 4037 est
680 3971 727 4035 ibi
749 3971 875 4057 capella
897 3983 929 4037 et
950 3972 1012 4037 due
1035 3974 1152 4038 altaria
1172 3975 1268 4061 longe
1288 3977 1373 4040 infra
1394 3989 1524 4040 terram.

545 4092 610 4156 Iste
632 4088 740 4169 locus,
766 4089 800 4150 in
831 4109 892 4172 quo
914 4088 974 4152 fuit
995 4112 1075 4153 crux
1098 4090 1227 4155 defossa
1235 4141 1244 4172 ,
1277 4091 1405 4155 uidetur
1426 4092 1505 4156 mihi
1523 4093 1623 4155 fuisse
1645 4114 1743 4155 turum
1766 4088 1807 4154 de
1827 4087 1959 4154 fossatis
1980 4085 2092 4148 ciuita-

419 4212 478 4290 tis,
506 4211 541 4273 in
569 4205 655 4291 quod
686 4225 797 4268 cruces
826 4201 981 4288 depositis
1004 4204 1194 4290 corporibus
1224 4208 1322 4271 misse
1344 4208 1472 4271 fuerunt
1494 4220 1525 4271 et
1547 4206 1687 4291 desuper
1709 4204 1820 4270 sordes
1842 4203 1982 4266 ciuitatis
2005 4224 2089 4265 com-

418 4336 564 4412 portate,
586 4322 688 4386 donec
713 4343 770 4407 per
792 4317 950 4382 Helenam
972 4319 1042 4384 loco
1064 4321 1217 4386 mundato
1240 4346 1320 4387 crux
1344 4333 1392 4387 est
1412 4324 1553 4386 inuenta.
1596 4322 1705 4406 Prope
1726 4320 1812 4384 enim
1833 4320 1999 4382 ciuitatem
2020 4326 2092 4381 erat

420 4440 511 4508 locus
533 4438 695 4526 passionis
718 4452 750 4499 et
772 4454 861 4500 ortus
883 4436 916 4498 in
938 4433 1008 4500 loeo
1028 4434 1092 4500 illo.

543 4572 651 4636 Locus
671 4591 760 4650 uero,
782 4569 815 4630 in
837 4589 898 4652 quo
921 4569 1009 4631 stetit
1030 4567 1128 4631 beata
1149 4569 1241 4653 uirgo
1263 4592 1334 4633 cum
1357 4569 1544 4634 mulieribus
1566 4567 1639 4632 aliis
1660 4569 1753 4631 iuxta
1774 4588 1902 4631 crucem
1914 4616 1923 4650 ,
1946 4588 2010 4630 non
2032 4566 2092 4629 fuit

421 4689 479 4755 sub
509 4691 580 4775 Ipso
609 4684 743 4750 brachio
767 4684 870 4747 crucis
898 4683 940 4747 ad
963 4683 1160 4770 aquilonem,
1193 4683 1249 4748 sed
1282 4698 1357 4750 ante
1378 4686 1494 4749 faciem
1518 4684 1575 4749 filii
1597 4685 1664 4749 fere
1687 4683 1729 4748 ad
1751 4683 1959 4748 occidentem.
2000 4680 2091 4743 Mon·

421 4813 543 4870 stratur
566 4805 650 4867 enim
672 4802 761 4865 locus
785 4801 932 4864 stationis
955 4801 1023 4863 eius
1045 4812 1156 4864 contra
1177 4801 1293 4865 faciem
1315 4800 1374 4865 filii
1395 4800 1565 4887 pendentis
1587 4803 1619 4865 in
1643 4822 1738 4865 cruce
1754 4799 1813 4865 sub
1830 4809 1939 4863 monte
1955 4808 1986 4861 et
2001 4810 2092 4882 rupe,

487 5004 515 5072 a)
534 5016 594 5053 eam
612 5030 643 5037 -
661 5007 818 5068 aspicere-tam
838 4997 877 5053 St.
897 5013 943 5050 eus
961 5028 992 5035 —
1010 5005 1155 5066 separatas
1172 4996 1197 5051 h.
1216 5028 1247 5035 —
1268 4996 1296 5058 b)
1313 5015 1368 5068 per
1387 5003 1435 5053 too
1448 5001 1533 5068 pecte
1552 4997 1585 5053 St
1598 4998 1623 5051 h.
1640 5016 1694 5068 per
1713 4996 1794 5051 CXX
1808 4994 1913 5050 habent
1930 4994 2008 5050 codd.
2020 4998 2091 5048 vrat

553 5112 586 5122 -
605 5088 632 5145 c)
648 5102 702 5153 per
718 5084 845 5152 ippodes
863 5079 901 5135 St.
938 5080 999 5134 Hoc
1023 5081 1051 5149 ig
1071 5086 1160 5134 ortum
1186 5088 1228 5135 est
1249 5098 1281 5136 ex
1301 5098 1414 5136 numero
1434 5086 1471 5137 ts.
1497 5113 1531 5122 -
1554 5082 1584 5150 d)
1598 5100 1651 5152 per
1673 5070 1725 5152 ipo*
1736 5082 1764 5149 (i.
1782 5097 1805 5135 e.
1826 5082 1867 5146 ts)
1880 5080 1966 5148 pectes
1984 5076 2024 5133 St.
2038 5094 2093 5146 per

551 5167 659 5221 XVIII
669 5167 754 5236 perles
766 5165 790 5218 b.
804 5197 836 5205 -
854 5172 879 5237 e)
897 5164 943 5219 Ab
963 5164 1015 5218 boc
1033 5163 1116 5218 verbo
1133 5164 1162 5217 in
1177 5164 1215 5219 St.
1234 5164 1333 5235 incipit
1350 5181 1444 5219 versus
1462 5183 1557 5233 novus,
1575 5173 1603 5220 et
1621 5165 1739 5236 margini
1757 5161 1898 5232 adscripta
1915 5164 1981 5215 sunt
1993 5159 2093 5216 verba:

553 5252 611 5305 Hie
627 5251 760 5302 introduc.
789 5278 821 5289 -
842 5247 869 5313 f)
889 5249 992 5304 Vocab.
1011 5250 1148 5304 Dominus
1173 5265 1225 5303 om.
1250 5250 1307 5311 St„
1330 5248 1415 5302 habet
1432 5248 1457 5303 h.
1482 5280 1514 5289 -
1546 5254 1576 5320 g)
1590 5251 1718 5320 picuereis
1736 5249 1775 5302 St.
1799 5248 1932 5300 tincturus
1950 5243 1976 5300 h.
2001 5275 2034 5284 -
2061 5242 2091 5309 h)

552 5341 584 5389 98
604 5333 642 5389 St.
663 5332 787 5387 XLVIII
805 5331 830 5386 h.

482 5527 553 5595 495)
580 5522 711 5579 reuoluat
740 5519 821 5575 nobis
851 5518 1007 5595 lapidasti]
1044 5517 1090 5582 cf.
1122 5519 1235 5579 Toblcr
1337 5524 1408 5592 498)
1436 5520 1563 5594 inferius
1584 5541 1644 5595 per
1670 5521 1793 5577 XVIII
1811 5519 1913 5595 pedes]
1943 5515 2090 5576 'Pohlerus

421 5619 507 5699 Golg.
530 5642 559 5701 p.
583 5623 650 5680 173.
1275 5617 1418 5678 XXVIII
1440 5619 1532 5698 pedes
1553 5618 1623 5678 dare
1642 5618 1766 5678 videtur.
1809 5618 1845 5677 V.
1869 5616 1982 5676 Toblcr
2003 5612 2089 5692 Golg.

481 5725 552 5791 496)
579 5717 667 5777 CXX
679 5716 778 5792 pedes]
800 5715 835 5773 V.
860 5713 972 5773 Toblsr
992 5713 1077 5794 Golg.
1099 5738 1127 5797 p.
1151 5722 1200 5779 28.
1274 5739 1302 5797 p.
1325 5722 1393 5779 341.

479 5820 551 5889 497)
573 5815 645 5889 rupi
662 5834 720 5890 per
741 5814 871 5889 XVIII]
893 5814 953 5872 Alii
967 5813 1068 5891 legunt
1081 5815 1233 5878 XXVIII.
1338 5818 1409 5888 499)
1425 5836 1485 5893 per
1504 5807 1619 5892 predas
1640 5816 1799 5892 XLVIII]
1816 5813 1859 5872 'V.
1873 5813 1987 5873 Tobler
2001 5810 2089 5890 Golg.

420 5904 702 5991 v.''T0b1erG013.
726 5933 752 5991 p.
777 5918 844 5973 257.
1274 5936 1302 5994 p.
1327 5918 1394 5976 308.
