5334 6975
1332 669 1372 725 tto

514 845 634 928 sagitta
655 844 766 909 furari.
810 842 847 905 ln
868 841 952 906 bcllo
973 843 1090 920 sortes,
1117 842 1179 904 nisi
1202 839 1362 927 pollicio⁸)
1385 840 1484 904 rubeo
1512 851 1543 905 ct
1566 842 1704 928 desuper
1728 844 1862 906 camisia
1883 865 2001 927 magna
2025 851 2057 904 ct
2079 839 2189 926 ampla

512 969 655 1040 utrmtur,
679 968 776 1044 caput
798 970 923 1022 tantum
946 980 1017 1020 cum
1041 979 1148 1041 panno
1172 967 1325 1040 tegentes.
1369 956 1427 1019 Isti
1448 956 1654 1042 repleucrunt
1673 970 1775 1023 totam
1795 957 1935 1044 Syriam,
1958 956 2187 1042 utplurimum

513 1086 620 1138 tamen
651 1072 799 1138 habitant
831 1075 918 1137 circa
943 1073 1064 1136 fluenta
1084 1071 1248 1153 Iordanis,
1283 1095 1303 1136 u
1325 1070 1452 1136 Libano
1484 1096 1585 1159 usqne
1615 1073 1658 1137 ad
1680 1074 1843 1138 desertum
1867 1074 2014 1154 Pharan,
2047 1073 2124 1158 quia
2142 1071 2188 1136 ibi

513 1201 588 1253 sunt
615 1200 739 1253 mames
772 1212 832 1275 pro
866 1190 975 1274 capris
1003 1198 1034 1251 ct
1061 1187 1193 1267 ouibus,
1223 1190 1330 1272 campi
1359 1210 1419 1272 pro
1447 1187 1551 1252 bobus
1574 1199 1605 1252 ct
1627 1188 1766 1253 camelis.
1811 1189 1899 1254 Oues
1921 1212 2038 1275 magne
2060 1190 2187 1252 suntin

512 1305 660 1392 partibus
684 1305 746 1369 illis
770 1314 800 1368 ct
823 1305 977 1389 precipue
999 1304 1127 1380 arietes,
1150 1316 1182 1365 et.
1202 1303 1322 1367 habent
1344 1303 1465 1366 caudas
1488 1315 1552 1367 tam
1575 1327 1721 1390 magnas,
1743 1316 1777 1369 ut
1799 1328 1863 1369 nna
1885 1305 1990 1370 cauda
2010 1305 2115 1371 tribus
2137 1303 2188 1369 uel

512 1431 649 1506 qualitor
672 1422 752 1486 uiris
774 1421 914 1484 sufficiat
936 1418 978 1482 ad
999 1417 1167 1482 edendum.

479 1564 494 1613 ⁷
636 1568 734 1634 Circa
755 1569 936 1645 Arae-hae»)
962 1581 1101 1632 castrum
1130 1579 1202 1652 post
1225 1567 1384 1652 Tripolim
1407 1590 1509 1652 usquo
1534 1568 1575 1631 ad
1599 1580 1738 1632 castrum
1762 1569 1872 1632 Krach
1900 1569 2051 1633 habitant
2073 1567 2187 1633 Sarra-

512 1686 593 1765 ceni,
616 1687 671 1770 qui
692 1684 840 1747 dicuntur
866 1686 1109 1760 (lanatarium).
1151 1682 1219 1746 lllis
1249 1685 1483 1767 coniunguntur
1505 1684 1637 1770 (pridem
1660 1685 1846 1760 Sarraceni,
1873 1687 1926 1771 qui
1956 1685 2107 1748 dicuntur
2131 1689 2184 1744 :ls-

512 1805 627 1880 simini,
658 1801 746 1864 ultra
765 1800 998 1870 Ama-adnm>
1029 1824 1132 1886 prope
1163 1810 1306 1862 castrum
1333 1798 1521 1884 lllargath⁰)
1551 1799 1733 1864 habitantes
1763 1803 1795 1863 in
1824 1803 1995 1864 montania.
2045 1797 2189 1865 Castella

513 1916 654 2002 plurima
675 1915 796 1980 liabent
816 1926 848 1978 ct
870 1917 1018 1980 ciuitates
1040 1926 1071 1979 et
1091 1914 1230 1979 fertilem
1252 1925 1382 1977 terram.
1427 1913 1483 1977 Isti
1510 1914 1659 1979 [licuntur
1679 1914 1799 1979 habere
1821 1917 1882 1979 xl,
1903 1917 2006 1981 millia
2027 1924 2188 2001 pugnato·

513 2056 593 2099 rum.
630 2032 843 2118 Capitoncum
867 2054 964 2094 unam
988 2031 1118 2122 habent,
1142 2053 1205 2094 non
1228 2054 1268 2093 ex
1291 2029 1488 2093 hereditaria
1515 2033 1726 2113 successuum,
1750 2032 1806 2095 sed
1828 2033 2038 2118 prerogatiua
2060 2033 2188 2095 merito·

513 2170 600 2230 rum,
633 2149 686 2232 qni
710 2154 854 2208 retrardo
876 2154 1020 2208 nomenis
1042 2147 1158 2211 dicitur
1180 2171 1244 2209 non
1267 2148 1494 2231 propnictatiS,
1519 2147 1575 2210 sed
1596 2149 1719 2232 ingenii
1740 2151 1933 2212 maturitate.
1976 2147 2028 2211 Dc
2050 2147 2187 2211 Perside

513 2263 661 2328 dicuutur
684 2267 737 2328 isti
759 2264 891 2327 duxisse
914 2265 1080 2347 originem.
1122 2265 1195 2348 Ego
1217 2263 1353 2326 transiui
1377 2285 1435 2347 pro
1459 2274 1552 2349 parte
1585 2275 1704 2327 terram
1728 2287 1847 2328 eorum.
1890 2263 2088 2328 Obcdientes
2112 2273 2187 2327 sunt

512 2403 613 2468 usque
635 2381 675 2444 ad
698 2391 849 2461 mortem,
878 2389 909 2441 et
931 2378 1084 2442 mandato
1109 2382 1284 2465 superioris
1307 2377 1482 2465 quemlibet
1503 2380 1718 2462 interficiunt,
1749 2382 1833 2443 etin
1855 2380 1916 2443 hoc
1938 2378 2129 2465 paradisum
2152 2401 2186 2442 se

512 2499 628 2560 mereri
650 2496 779 2576 dicunt,
809 2496 946 2576 etiamsi,
968 2506 1140 2580 antequam
1163 2495 1384 2560 obedienciam
1404 2493 1569 2580 impleant,
1594 2496 1789 2560 occidantur.
1833 2496 1916 2559 Anto
1939 2518 2040 2558 annos
2063 2517 2186 2580 paucos

513 2613 555 2677 ad
578 2612 799 2676 obedienciam
822 2632 953 2674 romane
977 2609 1113 2674 ecclesie
1134 2613 1245 2675 uenire
1266 2609 1426 2691 nolebant,
1448 2624 1478 2674 ct
1501 2614 1651 2674 mimium
1674 2624 1806 2698 propter
1828 2612 1889 2675 hoc
1909 2613 1942 2674 in
1957 2611 2068 2675 Accon
2092 2613 2185 2673 mise-

512 2739 601 2811 rant,
630 2730 683 2813 qui
705 2727 839 2812 negocio
863 2725 904 2789 ad
927 2739 1034 2789 uotum
1058 2739 1189 2811 peraeto
1211 2749 1282 2789 cnm
1304 2725 1441 2806 retlirct,
1464 2751 1483 2789 a
1506 2725 1716 2810 quibusdam,
1739 2730 1795 2813 qui
1817 2729 1923 2813 ipsum
1948 2727 2110 2791 deducere
2132 2726 2186 2789 de·

513 2846 669 2924 buerant,
690 2857 763 2906 anto
786 2852 871 2905 tcrrc
893 2844 1060 2905 introitum
1081 2854 1130 2906 est
1151 2844 1275 2906 occisus
1297 2843 1330 2904 iu
1354 2849 1510 2906 iacturam
1534 2843 1637 2906 tocius
1660 2842 1809 2924 ecclesie,
1839 2844 1915 2929 quia
1935 2842 2005 2924 alii,
2036 2842 2183 2905 uidentes

512 2985 577 3026 non
604 2983 674 3024 esse
704 2959 801 3023 tidem
829 2960 862 3021 in
884 2959 1095 3038 Christianis,
1128 2960 1236 3021 statim
1264 2957 1304 3020 ub
1331 2958 1460 3042 incepto
1489 2970 1694 3022 retraxerunt
1715 2959 1839 3044 pedem.
1883 2960 1986 3023 'l'crra
2009 2961 2186 3022 istoruma

512 3087 600 3142 terra
615 3076 874 3142 Christianorum
896 3097 954 3160 per
976 3074 1132 3161 quosdam
1153 3073 1278 3159 lapides
1301 3073 1502 3137 discernitur.
1539 3074 1665 3153 Quibus
1690 3077 1720 3137 in
1745 3074 1908 3160 lapidibus
1929 3077 1963 3139 in
1983 3089 2076 3162 parte
2092 3073 2185 3139 Chri-

514 3193 693 3257 stianorum
723 3193 849 3276 signum
878 3192 998 3273 crucis,
1024 3191 1262 3254 Assissinormn
1286 3189 1404 3253 cultelli
1427 3188 1587 3274 sculptum
1611 3202 1668 3254 cst.
1710 3192 1795 3255 Istos
1818 3192 1923 3255 adlmc,
1943 3190 2049 3255 nullus
2072 3189 2186 3255 Salda-

512 3331 627 3374 norum
656 3309 760 3392 potuit
789 3305 976 3390 subiugarc,
1008 3306 1065 3370 sed
1092 3308 1156 3392 ipsi
1182 3305 1244 3370 silai
1271 3305 1359 3389 leges
1391 3317 1422 3369 et
1449 3307 1521 3369 iuru
1548 3307 1690 3371 condunt
1720 3318 1751 3371 ct
1774 3307 1932 3386 utilibet‘)
1954 3308 2017 3395 lrijs
2041 3320 2182 3373 uttmtur.

512 3426 753 3495 Formidabiles
777 3434 851 3486 sunt.
873 3421 1020 3486 omnibus
1042 3421 1343 3486 circumiacentibus
1365 3422 1550 3486 nationibus
1573 3435 1707 3509 propter
1730 3425 1861 3489 nimiam
1883 3426 2091 3492 ferocitatem.

479 3581 494 3631 8
636 3573 820 3641 Notandum
842 3583 949 3634 autem
971 3573 1003 3633 in
1026 3573 1072 3635 rei
1095 3573 1246 3652 ueritate,
1269 3570 1342 3633 licet
1371 3572 1500 3656 ‹pridam
1524 3575 1721 3637 contrarium
1745 3576 1905 3655 senciant,
1934 3577 1990 3661 qui
2012 3599 2051 3639 ca
2075 3575 2185 3640 uolunt

514 3715 670 3772 asserere,
692 3713 754 3775 quo
777 3712 838 3753 non
862 3686 1022 3765 uiderunt,
1046 3686 1131 3771 quod
1152 3689 1258 3750 oriens
1280 3696 1364 3750 totus
1388 3686 1470 3750 ultra
1494 3710 1582 3751 mare
1603 3711 1703 3775 usquo
1726 3691 1758 3753 in
1781 3690 1919 3753 Yntliam
1943 3702 1974 3754 ct
1995 3691 2184 3778 Etlriopiam

512 3833 630 3875 nomen
651 3807 772 3873 Christi
797 3804 964 3868 confitetur
987 3814 1018 3865 et
1039 3802 1204 3888 predicat,
1236 3812 1344 3888 preter
1377 3802 1461 3867 solos
1484 3804 1680 3869 Sarracenos
1709 3818 1740 3869 et
1770 3806 1928 3889 ‹prosclam
1949 3805 2182 3889 Turcomanos,

513 3929 567 4014 qui
587 3928 619 3989 in
638 3921 851 4009 Cappadocia
874 3919 982 3982 sedem
1004 3917 1133 3998 liabent,
1156 3919 1202 3980 ita
1224 3918 1310 4003 (prod
1335 3942 1394 4003 pro
1418 3929 1504 3983 certo
1526 3942 1647 3999 assero,
1671 3922 1751 3984 sicut
1777 3944 1835 4007 per
1859 3933 1974 3984 memet
1989 3924 2096 4009 ipsura
2112 3923 2181 3989 uidi

511 4054 543 4107 ot
566 4040 607 4105 ab
631 4040 713 4119 aliis,
735 4038 851 4123 quibus
873 4040 1014 4110 notum-r)
1037 4046 1116 4114 erat,
1139 4033 1264 4113 audiui,
1288 4033 1372 4120 (prod
1396 4058 1522 4120 semper
1545 4036 1577 4097 in
1599 4037 1684 4099 omni
1708 4036 1777 4100 loco
1800 4047 1831 4099 ct
1851 4060 1951 4121 regno
1975 4050 2183 4126 preterquam

510 4162 544 4223 iu
566 4158 699 4242 llgypto
723 4167 752 4218 et
776 4152 915 4233 Arabia,
944 4151 998 4214 ubi
1027 4151 1201 4236 plurimum
1233 4149 1380 4213 habitant
1402 4150 1575 4215 Sarraccni
1605 4162 1637 4213 et
1664 4150 1720 4214 ulii
1741 4151 1978 4216 llaclrometum
2002 4164 2181 4240 sequentes,

512 4298 571 4361 pro
593 4297 655 4337 uno
673 4272 853 4333 Sarrum-no
877 4269 1011 4352 triginta
1034 4266 1085 4330 uel
1108 4263 1247 4349 anrplius
1269 4266 1412 4330 inuenies
1430 4266 1642 4331 Christianos.
1678 4267 1795 4331 Uerum
1817 4280 1934 4348 tannen,
1955 4269 2075 4354 quode)
2091 4268 2182 4335 Chri·

513 4393 608 4455 stiani
632 4411 741 4451 onmes
763 4385 970 4448 transmarini
992 4380 1147 4455 natione)
1170 4392 1242 4443 sum
1264 4380 1489 4462 orismtalcesl),
1520 4385 1602 4468 quil)
1624 4383 1697 4446 licet
1722 4385 1785 4446 sint
1807 4384 2000 4466 Christiani,
2036 4388 2113 4471 quia
2134 4396 2180 4450 ta-

513 4528 585 4569 mcn
608 4526 699 4566 usum
723 4523 886 4564 arniormn
909 4522 972 4563 non
995 4497 1115 4562 habent
1138 4496 1280 4577 iiirrltum,
1305 4521 1376 4561 cum
1399 4500 1629 4584 impugnantur
1653 4522 1672 4562 a
1695 4500 1895 4580 Sne-aeonis,
1918 4500 2109 4577 Tartarisffl)
2131 4500 2182 4567 ucl

512 4620 584 4684 aliis
607 4618 857 4703 ‹prilarscunquc,
881 4612 1080 4677 sulaicimitur
1102 4614 1149 4675 cis
1172 4624 1203 4675 et
1225 4612 1354 4677 tributis
1377 4638 1489 4699 pateem
1513 4629 1544 4677 ct.
1564 4618 1701 4701 quietem
1725 4629 1843 4697 emunt,
1866 4627 1897 4678 et
1918 4618 2090 4681 Sarraceni
2113 4620 2180 4682 siue

512 4736 583 4815 alii,
615 4734 670 4820 qui
692 4734 737 4796 eis
761 4731 986 4803 dominantur,
1018 4728 1143 4793 ltaliuos
1173 4752 1248 4792 sirus
1271 4742 1302 4792 et
1324 4743 1493 4793 exactores
1516 4732 1547 4793 in
1571 4733 1666 4795 terris
1687 4731 1752 4795 illis
1774 4745 1904 4818 pronunt.
1947 4734 1991 4797 Et
2012 4733 2088 4797 inde
2110 4756 2182 4799 con·

511 4853 593 4936 tigit,
615 4848 701 4936 (prod
723 4868 858 4929 regnum
880 4844 960 4907 illud
982 4843 1100 4907 dicitur
1121 4867 1192 4907 esse
1216 4845 1478 4926 sarracenerum,
1502 4869 1573 4909 euin
1588 4858 1694 4910 tanen
1718 4850 1813 4912 inrci
1833 4852 2180 4913 u«,·1·itatesunt01naes

512 4966 689 5032 Clnistiani
727 4978 835 5048 preter
863 4962 954 5045 ipsos
979 4958 1103 5023 baliuos
1126 4971 1157 5023 et
1179 4971 1348 5024 exactores
1372 4971 1403 5023 ct
1422 4959 1546 5046 aliquos
1568 4962 1607 5024 do
1630 4963 1752 5026 lainilia
1779 4966 1941 5050 ipsoram,
1971 4966 2052 5027 sicut
2080 4964 2180 5030 oculis

511 5083 591 5145 meis
613 5080 680 5144 uidi
703 5080 736 5141 in
760 5077 907 5151 Ciliciae)
927 5088 958 5137 et
978 5075 1134 5137 Armenia
1154 5078 1284 5157 iniimri,
1314 5098 1376 5163 quc
1399 5090 1445 5139 est
1470 5075 1598 5139 subdita
1621 5077 1761 5142 dominio
1786 5080 1998 5144 'l'artarornm
2012 5082 2076 5158 ¹¹³³).
2120 5082 2182 5146 Fui

511 5198 596 5260 enim
626 5194 713 5281 upictd
739 5217 849 5278 regem
871 5192 1024 5253 Armenia
1053 5201 1084 5254 ct
1114 5191 1227 5256 Cilicio
1255 5194 1359 5256 tribus
1388 5191 1592 5271 elulommlis,
1624 5204 1654 5256 ct
1683 5207 1774 5258 erant
1802 5195 1888 5281 apud
1917 5197 2023 5282 ipsum
2050 5197 2181 5283 quidam

577 5392 720 5451 allelluia
742 5394 779 5445 st.
800 5419 827 5427 -
854 5387 882 5461 b)
902 5389 1002 5442 arelius
1022 5388 1060 5442 St.
1079 5420 1111 5426 —
1139 5394 1164 5455 c)
1182 5390 1270 5442 recursui
1288 5390 1325 5443 St.
1352 5389 1442 5441 l'euae'
1458 5387 1482 5440 Ιι.
1506 5389 1598 5440 ΙῘΙιιιηί
1614 5390 1663 5442 llo.
1684 5408 1742 5444 ren.
1776 5426 1780 5431 -
1820 5392 1848 5461 d)
1867 5393 1914 5457 pul
1929 5393 2004 5445 ultro-
2021 5397 2182 5449 ateromlum

646 5474 684 5527 St.
723 5473 827 5527 l'ocub.
855 5475 902 5539 qni
924 5490 978 5525 non
1003 5471 1087 5525 habet
1103 5471 1130 5525 h.
1153 5507 1179 5513 --
1205 5486 1230 5539 e)
1250 5473 1379 5541 rllorpud
1395 5472 1433 5525 St,
1460 5502 1491 5509 -
1517 5472 1543 5531 f)
1563 5472 1674 5525 utilibus
1693 5477 1731 5526 nt.
1757 5484 1784 5526 at
1805 5476 1868 5527 libet
1886 5474 1913 5529 lr.
1938 5508 1969 5515 -
1994 5482 2023 5547 g)
2041 5484 2125 5531 torrem
2143 5478 2182 5533 St.

643 5566 704 5610 rude
721 5564 800 5611 eruut
816 5555 841 5609 h.
864 5588 879 5593 —
915 5556 944 5626 li)
961 5558 1027 5625 (prtia
1046 5556 1085 5613 St.
1105 5559 1180 5626 qraotl
1194 5556 1219 5607 lr.
1239 5586 1269 5594 -
1290 5556 1308 5623 i)
1327 5555 1455 5607 nantuac
1473 5557 1512 5607 st.
1537 5585 1567 5593 —
1596 5556 1624 5609 ki
1644 5558 1756 5611 ‹an'talcs
1777 5562 1816 5613 St.
1836 5560 1982 5612 orientales
1999 5560 2050 5613 Ed.
2069 5578 2130 5616 vcu.
2150 5590 2181 5600 —-

644 5641 663 5711 l,
682 5643 746 5707 quio
764 5644 803 5693 st,
824 5642 899 5709 ‹11qu
914 5639 939 5693 h.
958 5671 989 5679 -
1009 5646 1046 5703 m)
1065 5642 1108 5692 md
1124 5642 1190 5693 attis
1209 5640 1324 5691 turturis
1342 5639 1386 5690 uel
1403 5638 1470 5690 aliia
1490 5640 1528 5691 st.
1548 5643 1710 5693 portumnus
1731 5644 1857 5694 Pastoris
1875 5642 1898 5694 h.
1917 5673 1920 5677 ·
1966 5646 1995 5710 n)
2013 5644 2113 5697 statie
2127 5643 2164 5699 st

572 5835 642 5904 65⁴2,-
677 5828 818 5901 lleaniai]
849 5828 979 5905 l’opulus
1013 5828 1081 5884 milri
1110 5829 1236 5903 igrrotus.
1279 5826 1325 5885 Cf.
1430 5831 1500 5897 (553)
1526 5847 1579 5902 pue
1610 5836 1651 5884 est
1680 5828 1795 5885 stabilito
1823 5830 1939 5886 (Ioanne
1971 5829 2179 5906 'I'urtaroruml

508 5952 596 6008 supra
619 5940 716 5987 notum
740 5936 787 5986 os.
1368 5923 1582 5999 llongolunun.
