<?xml version="1.0" encoding="UTF-8"?>
<!DOCTYPE html PUBLIC "-//W3C//DTD XHTML 1.0 Transitional//EN"
    "http://www.w3.org/TR/xhtml1/DTD/xhtml1-transitional.dtd">
<html xmlns="http://www.w3.org/1999/xhtml" xml:lang="en" lang="en">
 <head>
  <title>
</title>
<meta http-equiv="Content-Type" content="text/html;charset=utf-8" />
  <meta name='ocr-system' content='tesseract 3.04.00' />
  <meta name='ocr-capabilities' content='ocr_page ocr_carea ocr_par ocr_line ocrx_word'/>
</head>
<body>
  <div class='ocr_page' id='page_1' title='image "./peregrinatoresm00brocgoog_0060.png"; bbox 0 0 5334 6975; ppageno 0'>
   <div class='ocr_carea' id='block_1_1' title="bbox 1330 705 1369 767">
    <p class='ocr_par' dir='ltr' id='par_1_1' title="bbox 1330 705 1369 767">
     <span class='ocr_line' id='line_1_1' title="bbox 1330 705 1369 767; baseline 0.026 -1"><span class='ocrx_word' id='word_1_1' title='bbox 1330 705 1369 767; x_wconf 86' lang='grc'><strong><em>46</em></strong></span> 
     </span>
    </p>
   </div>
   <div class='ocr_carea' id='block_1_2' title="bbox 475 886 2186 3515">
    <p class='ocr_par' dir='ltr' id='par_1_2' title="bbox 507 886 2182 1665">
     <span class='ocr_line' id='line_1_2' title="bbox 507 886 2179 965; baseline -0.003 -16"><span class='ocrx_word' id='word_1_2' title='bbox 507 888 553 949; x_wconf 86' lang='lat' dir='ltr'><strong><em>cit</em></strong></span> <span class='ocrx_word' id='word_1_3' title='bbox 564 886 592 925; x_wconf 65' lang='lat'><strong><em>²⁸</em></strong></span> <span class='ocrx_word' id='word_1_4' title='bbox 602 886 623 961; x_wconf 88' lang='lat'><strong><em>¹)</em></strong></span> <span class='ocrx_word' id='word_1_5' title='bbox 645 886 708 948; x_wconf 87' lang='lat' dir='ltr'><strong><em>sic:</em></strong></span> <span class='ocrx_word' id='word_1_6' title='bbox 732 888 872 963; x_wconf 76' lang='lat' dir='ltr'><strong><em>Reqiouis</em></strong></span> <span class='ocrx_word' id='word_1_7' title='bbox 893 889 1077 963; x_wconf 74' lang='lat' dir='ltr'><strong><em>Decapollos</em></strong></span> <span class='ocrx_word' id='word_1_8' title='bbox 1089 888 1169 965; x_wconf 82' lang='lat' dir='ltr'><strong><em>fines</em></strong></span> <span class='ocrx_word' id='word_1_9' title='bbox 1191 887 1254 944; x_wconf 82' lang='lat' dir='ltr'><strong><em>siue</em></strong></span> <span class='ocrx_word' id='word_1_10' title='bbox 1277 886 1476 944; x_wconf 72' lang='lat' dir='ltr'><strong><em>extremitates</em></strong></span> <span class='ocrx_word' id='word_1_11' title='bbox 1498 894 1567 945; x_wconf 81' lang='lat' dir='ltr'><strong><em>aaut</em></strong></span> <span class='ocrx_word' id='word_1_12' title='bbox 1587 906 1669 944; x_wconf 86' lang='lat' dir='ltr'><strong><em>mure</em></strong></span> <span class='ocrx_word' id='word_1_13' title='bbox 1691 886 1879 960; x_wconf 84' lang='lat' dir='ltr'><strong><em>oboriente,</em></strong></span> <span class='ocrx_word' id='word_1_14' title='bbox 1905 895 1933 944; x_wconf 90' lang='lat' dir='ltr'><strong><em>et</em></strong></span> <span class='ocrx_word' id='word_1_15' title='bbox 1954 886 2047 945; x_wconf 81' lang='lat' dir='ltr'><strong><em>Sidon</em></strong></span> <span class='ocrx_word' id='word_1_16' title='bbox 2068 906 2179 963; x_wconf 67' lang='lat' dir='ltr'><strong><em>mayoc</em></strong></span> 
     </span>
     <span class='ocr_line' id='line_1_3' title="bbox 507 999 2181 1079; baseline -0.001 -17"><span class='ocrx_word' id='word_1_17' title='bbox 507 1005 545 1062; x_wconf 89' lang='lat' dir='ltr'><strong><em>ob</em></strong></span> <span class='ocrx_word' id='word_1_18' title='bbox 579 1005 735 1066; x_wconf 80' lang='lat' dir='ltr'><strong><em>occidente,</em></strong></span> <span class='ocrx_word' id='word_1_19' title='bbox 778 1000 822 1064; x_wconf 85' lang='lat' dir='ltr'><strong><em>Et</em></strong></span> <span class='ocrx_word' id='word_1_20' title='bbox 850 1000 911 1064; x_wconf 85' lang='lat' dir='ltr'><strong><em>hoc</em></strong></span> <span class='ocrx_word' id='word_1_21' title='bbox 936 1011 987 1064; x_wconf 87' lang='lat' dir='ltr'><strong><em>est</em></strong></span> <span class='ocrx_word' id='word_1_22' title='bbox 1014 999 1151 1064; x_wconf 83' lang='lat' dir='ltr'><strong><em>latitudo</em></strong></span> <span class='ocrx_word' id='word_1_23' title='bbox 1180 999 1259 1062; x_wconf 88' lang='lat' dir='ltr'><strong><em>eius.</em></strong></span> <span class='ocrx_word' id='word_1_24' title='bbox 1301 1003 1341 1059; x_wconf 82' lang='lat' dir='ltr'><strong><em>In</em></strong></span> <span class='ocrx_word' id='word_1_25' title='bbox 1362 1002 1543 1077; x_wconf 75' lang='lat' dir='ltr'><strong><em>lonyitudine</em></strong></span> <span class='ocrx_word' id='word_1_26' title='bbox 1572 1022 1644 1060; x_wconf 86' lang='lat' dir='ltr'><strong><em>uero</em></strong></span> <span class='ocrx_word' id='word_1_27' title='bbox 1663 1003 1856 1079; x_wconf 77' lang='lat' dir='ltr'><strong><em>protenditur</em></strong></span> <span class='ocrx_word' id='word_1_28' title='bbox 1876 1022 1897 1060; x_wconf 89' lang='lat' dir='ltr'><strong><em>o</em></strong></span> <span class='ocrx_word' id='word_1_29' title='bbox 1918 1002 2038 1061; x_wconf 83' lang='lat' dir='ltr'><strong><em>ciuitate</em></strong></span> <span class='ocrx_word' id='word_1_30' title='bbox 2059 1002 2181 1060; x_wconf 87' lang='lat' dir='ltr'><strong><em>tiberio·</em></strong></span> 
     </span>
     <span class='ocr_line' id='line_1_4' title="bbox 508 1112 2182 1199; baseline -0.001 -21"><span class='ocrx_word' id='word_1_31' title='bbox 508 1121 593 1179; x_wconf 80' lang='lat' dir='ltr'><strong><em>densi</em></strong></span> <span class='ocrx_word' id='word_1_32' title='bbox 615 1129 642 1177; x_wconf 90' lang='lat' dir='ltr'><strong><em>et</em></strong></span> <span class='ocrx_word' id='word_1_33' title='bbox 663 1128 722 1176; x_wconf 92' lang='lat' dir='ltr'><strong><em>toto</em></strong></span> <span class='ocrx_word' id='word_1_34' title='bbox 743 1121 842 1177; x_wconf 84' lang='lat' dir='ltr'><strong><em>littore</em></strong></span> <span class='ocrx_word' id='word_1_35' title='bbox 862 1119 1029 1196; x_wconf 77' lang='lat' dir='ltr'><em>aquilonali</em></span> <span class='ocrx_word' id='word_1_36' title='bbox 1049 1120 1142 1177; x_wconf 85' lang='lat' dir='ltr'><strong><em>moris</em></strong></span> <span class='ocrx_word' id='word_1_37' title='bbox 1166 1118 1281 1178; x_wconf 75' lang='lat' dir='ltr'><strong><em>Galilee</em></strong></span> <span class='ocrx_word' id='word_1_38' title='bbox 1303 1137 1393 1195; x_wconf 83' lang='lat' dir='ltr'><strong><em>usque</em></strong></span> <span class='ocrx_word' id='word_1_39' title='bbox 1415 1118 1447 1176; x_wconf 81' lang='lat' dir='ltr'><strong><em>in</em></strong></span> <span class='ocrx_word' id='word_1_40' title='bbox 1469 1120 1657 1178; x_wconf 83' lang='lat' dir='ltr'><strong><em>Damascum.</em></strong></span> <span class='ocrx_word' id='word_1_41' title='bbox 1701 1113 1745 1178; x_wconf 84' lang='lat' dir='ltr'><strong><em>Et</em></strong></span> <span class='ocrx_word' id='word_1_42' title='bbox 1766 1114 1885 1179; x_wconf 86' lang='lat' dir='ltr'><strong><em>dicitur</em></strong></span> <span class='ocrx_word' id='word_1_43' title='bbox 1905 1114 2083 1199; x_wconf 74' lang='lat' dir='ltr'><strong><em>Decapolib</em></strong></span> <span class='ocrx_word' id='word_1_44' title='bbox 2105 1137 2126 1177; x_wconf 91' lang='lat' dir='ltr'><strong><em>a</em></strong></span> <span class='ocrx_word' id='word_1_45' title='bbox 2147 1112 2182 1177; x_wconf 89' lang='lat' dir='ltr'>X</span> 
     </span>
     <span class='ocr_line' id='line_1_5' title="bbox 508 1227 2181 1317; baseline -0.002 -21"><span class='ocrx_word' id='word_1_46' title='bbox 508 1230 694 1296; x_wconf 87' lang='lat' dir='ltr'><strong><em>ciuitatibus</em></strong></span> <span class='ocrx_word' id='word_1_47' title='bbox 723 1230 960 1317; x_wconf 88' lang='lat' dir='ltr'><strong><em>principalibus</em></strong></span> <span class='ocrx_word' id='word_1_48' title='bbox 989 1232 1023 1294; x_wconf 91' lang='lat' dir='ltr'><strong><em>in</em></strong></span> <span class='ocrx_word' id='word_1_49' title='bbox 1049 1252 1088 1294; x_wconf 89' lang='lat' dir='ltr'><strong><em>ea</em></strong></span> <span class='ocrx_word' id='word_1_50' title='bbox 1115 1232 1195 1294; x_wconf 89' lang='lat' dir='ltr'><strong><em>sitis.</em></strong></span> <span class='ocrx_word' id='word_1_51' title='bbox 1239 1229 1311 1310; x_wconf 81' lang='lat' dir='ltr'><strong><em>Qus</em></strong></span> <span class='ocrx_word' id='word_1_52' title='bbox 1332 1231 1491 1306; x_wconf 80' lang='lat' dir='ltr'><strong><em>snnt²⁸²):</em></strong></span> <span class='ocrx_word' id='word_1_53' title='bbox 1520 1228 1685 1311; x_wconf 76' lang='lat' dir='ltr'><strong><em>Tiberias,</em></strong></span> <span class='ocrx_word' id='word_1_54' title='bbox 1718 1227 1855 1317; x_wconf 89' lang='lat' dir='ltr'><strong><em>Sephet,</em></strong></span> <span class='ocrx_word' id='word_1_55' title='bbox 1878 1230 1983 1296; x_wconf 81' lang='lat' dir='ltr'><strong><em>Oedes</em></strong></span> <span class='ocrx_word' id='word_1_56' title='bbox 2006 1228 2181 1315; x_wconf 87' lang='lat' dir='ltr'><strong><em>Neptalim,</em></strong></span> 
     </span>
     <span class='ocr_line' id='line_1_6' title="bbox 507 1343 2181 1432; baseline -0.001 -22"><span class='ocrx_word' id='word_1_57' title='bbox 507 1346 602 1427; x_wconf 87' lang='lat' dir='ltr'><strong><em>Asor,</em></strong></span> <span class='ocrx_word' id='word_1_58' title='bbox 626 1347 768 1412; x_wconf 80' lang='lat' dir='ltr'><strong><em>Cesarea</em></strong></span> <span class='ocrx_word' id='word_1_59' title='bbox 784 1345 938 1431; x_wconf 89' lang='lat' dir='ltr'><strong><em>Philippi,</em></strong></span> <span class='ocrx_word' id='word_1_60' title='bbox 961 1345 1191 1432; x_wconf 82' lang='lat' dir='ltr'><strong><em>Capharnaum</em></strong></span> <span class='ocrx_word' id='word_1_61' title='bbox 1214 1350 1321 1432; x_wconf 86' lang='lat' dir='ltr'><strong><em>[quam</em></strong></span> <span class='ocrx_word' id='word_1_62' title='bbox 1334 1346 1494 1431; x_wconf 83' lang='lat' dir='ltr'>Iosephus</span> <span class='ocrx_word' id='word_1_63' title='bbox 1509 1345 1626 1410; x_wconf 86' lang='lat' dir='ltr'><strong><em>Iuliam</em></strong></span> <span class='ocrx_word' id='word_1_64' title='bbox 1648 1344 1791 1431; x_wconf 87' lang='lat' dir='ltr'><strong><em>appellat</em></strong></span> <span class='ocrx_word' id='word_1_65' title='bbox 1811 1345 1879 1426; x_wconf 82' lang='lat'><strong><em>²⁸³),</em></strong></span> <span class='ocrx_word' id='word_1_66' title='bbox 1902 1345 2060 1432; x_wconf 85' lang='lat' dir='ltr'><strong><em>lotapata,</em></strong></span> <span class='ocrx_word' id='word_1_67' title='bbox 2082 1343 2181 1409; x_wconf 90' lang='lat' dir='ltr'><strong><em>Beth·</em></strong></span> 
     </span>
     <span class='ocr_line' id='line_1_7' title="bbox 508 1459 2181 1548; baseline -0.001 -22"><span class='ocrx_word' id='word_1_68' title='bbox 508 1462 632 1547; x_wconf 86' lang='lat' dir='ltr'><strong><em>sayda,</em></strong></span> <span class='ocrx_word' id='word_1_69' title='bbox 653 1460 872 1547; x_wconf 79' lang='lat' dir='ltr'><strong><em>Corrozaym,</em></strong></span> <span class='ocrx_word' id='word_1_70' title='bbox 893 1460 1047 1541; x_wconf 86' lang='lat' dir='ltr'><strong><em>Bethsan,</em></strong></span> <span class='ocrx_word' id='word_1_71' title='bbox 1070 1483 1131 1548; x_wconf 89' lang='lat' dir='ltr'><strong><em>quc</em></strong></span> <span class='ocrx_word' id='word_1_72' title='bbox 1152 1462 1254 1524; x_wconf 86' lang='lat' dir='ltr'><strong><em>eciam</em></strong></span> <span class='ocrx_word' id='word_1_73' title='bbox 1277 1459 1483 1546; x_wconf 77' lang='lat' dir='ltr'><strong><em>Scythopolis</em></strong></span> <span class='ocrx_word' id='word_1_74' title='bbox 1506 1460 1684 1526; x_wconf 88' lang='lat' dir='ltr'><strong><em>dicebatur.</em></strong></span> <span class='ocrx_word' id='word_1_75' title='bbox 1728 1460 1810 1526; x_wconf 84' lang='lat' dir='ltr'><strong><em>Sunt</em></strong></span> <span class='ocrx_word' id='word_1_76' title='bbox 1830 1471 1938 1525; x_wconf 87' lang='lat' dir='ltr'><strong><em>tamen</em></strong></span> <span class='ocrx_word' id='word_1_77' title='bbox 1959 1463 1993 1525; x_wconf 92' lang='lat' dir='ltr'><strong><em>in</em></strong></span> <span class='ocrx_word' id='word_1_78' title='bbox 2014 1482 2053 1525; x_wconf 89' lang='lat' dir='ltr'><strong><em>ea</em></strong></span> <span class='ocrx_word' id='word_1_79' title='bbox 2074 1460 2181 1525; x_wconf 88' lang='lat' dir='ltr'><strong><em>adhuc</em></strong></span> 
     </span>
     <span class='ocr_line' id='line_1_8' title="bbox 508 1577 942 1665; baseline 0.002 -24"><span class='ocrx_word' id='word_1_80' title='bbox 508 1578 616 1664; x_wconf 91' lang='lat' dir='ltr'><strong><em>plures</em></strong></span> <span class='ocrx_word' id='word_1_81' title='bbox 639 1577 701 1641; x_wconf 88' lang='lat' dir='ltr'><strong><em>alie</em></strong></span> <span class='ocrx_word' id='word_1_82' title='bbox 724 1590 832 1665; x_wconf 89' lang='lat' dir='ltr'><strong><em>preter</em></strong></span> <span class='ocrx_word' id='word_1_83' title='bbox 853 1579 942 1642; x_wconf 87' lang='lat' dir='ltr'><strong><em>istas.</em></strong></span> 
     </span>
    </p>

    <p class='ocr_par' dir='ltr' id='par_1_3' title="bbox 507 1690 2183 2707">
     <span class='ocr_line' id='line_1_9' title="bbox 633 1690 2181 1778; baseline -0.003 -20"><span class='ocrx_word' id='word_1_84' title='bbox 633 1693 696 1757; x_wconf 88' lang='lat' dir='ltr'><strong><em>Hic</em></strong></span> <span class='ocrx_word' id='word_1_85' title='bbox 724 1706 800 1758; x_wconf 88' lang='lat' dir='ltr'><strong><em>nota</em></strong></span> <span class='ocrx_word' id='word_1_86' title='bbox 821 1705 945 1774; x_wconf 90' lang='lat' dir='ltr'><strong><em>tamen,</em></strong></span> <span class='ocrx_word' id='word_1_87' title='bbox 973 1692 1060 1778; x_wconf 90' lang='lat' dir='ltr'><strong><em>quod</em></strong></span> <span class='ocrx_word' id='word_1_88' title='bbox 1088 1692 1312 1757; x_wconf 82' lang='lat' dir='ltr'><strong><em>nichilominus</em></strong></span> <span class='ocrx_word' id='word_1_89' title='bbox 1340 1701 1428 1754; x_wconf 88' lang='lat' dir='ltr'><strong><em>terra</em></strong></span> <span class='ocrx_word' id='word_1_90' title='bbox 1455 1693 1518 1755; x_wconf 88' lang='lat' dir='ltr'><strong><em>ista</em></strong></span> <span class='ocrx_word' id='word_1_91' title='bbox 1545 1691 1682 1756; x_wconf 87' lang='lat' dir='ltr'><strong><em>diuersis</em></strong></span> <span class='ocrx_word' id='word_1_92' title='bbox 1703 1690 1884 1756; x_wconf 80' lang='lat' dir='ltr'><strong><em>nominibus</em></strong></span> <span class='ocrx_word' id='word_1_93' title='bbox 1908 1690 2014 1756; x_wconf 90' lang='lat' dir='ltr'><strong><em>adhuc</em></strong></span> <span class='ocrx_word' id='word_1_94' title='bbox 2036 1690 2181 1778; x_wconf 87' lang='lat' dir='ltr'><strong><em>appella-</em></strong></span> 
     </span>
     <span class='ocr_line' id='line_1_10' title="bbox 507 1806 2181 1893; baseline -0.001 -20"><span class='ocrx_word' id='word_1_95' title='bbox 507 1818 569 1874; x_wconf 80' lang='lat' dir='ltr'><strong><em>tur.</em></strong></span> <span class='ocrx_word' id='word_1_96' title='bbox 611 1808 741 1873; x_wconf 81' lang='lat' dir='ltr'><strong><em>Dicitur</em></strong></span> <span class='ocrx_word' id='word_1_97' title='bbox 762 1810 856 1889; x_wconf 87' lang='lat' dir='ltr'><strong><em>enim,</em></strong></span> <span class='ocrx_word' id='word_1_98' title='bbox 877 1818 912 1872; x_wconf 92' lang='lat' dir='ltr'><strong><em>ut</em></strong></span> <span class='ocrx_word' id='word_1_99' title='bbox 935 1831 1034 1893; x_wconf 88' lang='lat' dir='ltr'><strong><em>supra</em></strong></span> <span class='ocrx_word' id='word_1_100' title='bbox 1055 1807 1176 1872; x_wconf 92' lang='lat' dir='ltr'><strong><em>dictum</em></strong></span> <span class='ocrx_word' id='word_1_101' title='bbox 1198 1808 1325 1887; x_wconf 51' lang='grc' dir='ltr'>θείω),</span> <span class='ocrx_word' id='word_1_102' title='bbox 1347 1830 1432 1871; x_wconf 90' lang='lat' dir='ltr'><strong><em>nunc</em></strong></span> <span class='ocrx_word' id='word_1_103' title='bbox 1453 1807 1584 1889; x_wconf 87' lang='lat' dir='ltr'><strong><em>Yturea,</em></strong></span> <span class='ocrx_word' id='word_1_104' title='bbox 1606 1830 1692 1872; x_wconf 88' lang='lat' dir='ltr'><strong><em>nunc</em></strong></span> <span class='ocrx_word' id='word_1_105' title='bbox 1706 1807 1900 1888; x_wconf 84' lang='lat' dir='ltr'><strong><em>Traconitis,</em></strong></span> <span class='ocrx_word' id='word_1_106' title='bbox 1923 1830 2007 1871; x_wconf 91' lang='lat' dir='ltr'><strong><em>nunc</em></strong></span> <span class='ocrx_word' id='word_1_107' title='bbox 2023 1806 2181 1893; x_wconf 82' lang='lat' dir='ltr'><strong><em>planicies</em></strong></span> 
     </span>
     <span class='ocr_line' id='line_1_11' title="bbox 507 1921 2182 2010; baseline -0.002 -21"><span class='ocrx_word' id='word_1_108' title='bbox 507 1924 637 2004; x_wconf 89' lang='lat' dir='ltr'><strong><em>Libani,</em></strong></span> <span class='ocrx_word' id='word_1_109' title='bbox 658 1948 742 1989; x_wconf 91' lang='lat' dir='ltr'><strong><em>nunc</em></strong></span> <span class='ocrx_word' id='word_1_110' title='bbox 762 1936 850 1989; x_wconf 88' lang='lat' dir='ltr'><strong><em>terra</em></strong></span> <span class='ocrx_word' id='word_1_111' title='bbox 871 1923 962 1988; x_wconf 86' lang='lat' dir='ltr'><strong><em>Roob</em></strong></span> <span class='ocrx_word' id='word_1_112' title='bbox 972 1930 1007 2004; x_wconf 80' lang='lat'><strong><em>⁸),</em></strong></span> <span class='ocrx_word' id='word_1_113' title='bbox 1029 1946 1114 1988; x_wconf 92' lang='lat' dir='ltr'><strong><em>nunc</em></strong></span> <span class='ocrx_word' id='word_1_114' title='bbox 1137 1921 1256 2004; x_wconf 88' lang='lat' dir='ltr'><strong><em>Kabul,</em></strong></span> <span class='ocrx_word' id='word_1_115' title='bbox 1278 1944 1363 1986; x_wconf 91' lang='lat' dir='ltr'><strong><em>nunc</em></strong></span> <span class='ocrx_word' id='word_1_116' title='bbox 1385 1922 1514 1987; x_wconf 83' lang='lat' dir='ltr'><strong><em>Galilca</em></strong></span> <span class='ocrx_word' id='word_1_117' title='bbox 1532 1925 1690 2008; x_wconf 82' lang='lat' dir='ltr'><strong><em>gencium,</em></strong></span> <span class='ocrx_word' id='word_1_118' title='bbox 1711 1946 1795 1988; x_wconf 91' lang='lat' dir='ltr'><strong><em>nuno</em></strong></span> <span class='ocrx_word' id='word_1_119' title='bbox 1818 1921 1946 1987; x_wconf 85' lang='lat' dir='ltr'><strong><em>Galilea</em></strong></span> <span class='ocrx_word' id='word_1_120' title='bbox 1967 1925 2126 2010; x_wconf 88' lang='lat' dir='ltr'><strong><em>superior,</em></strong></span> <span class='ocrx_word' id='word_1_121' title='bbox 2149 1932 2182 1986; x_wconf 87' lang='lat' dir='ltr'><strong><em>et</em></strong></span> 
     </span>
     <span class='ocr_line' id='line_1_12' title="bbox 509 2037 2179 2127; baseline -0.002 -22"><span class='ocrx_word' id='word_1_122' title='bbox 509 2053 559 2105; x_wconf 88' lang='lat' dir='ltr'><strong><em>est</em></strong></span> <span class='ocrx_word' id='word_1_123' title='bbox 580 2063 706 2127; x_wconf 89' lang='lat' dir='ltr'><strong><em>semper</em></strong></span> <span class='ocrx_word' id='word_1_124' title='bbox 727 2039 839 2104; x_wconf 88' lang='lat' dir='ltr'><strong><em>eadem</em></strong></span> <span class='ocrx_word' id='word_1_125' title='bbox 863 2041 969 2124; x_wconf 85' lang='lat' dir='ltr'><strong><em>regio,</em></strong></span> <span class='ocrx_word' id='word_1_126' title='bbox 996 2039 1072 2102; x_wconf 89' lang='lat' dir='ltr'><strong><em>licet</em></strong></span> <span class='ocrx_word' id='word_1_127' title='bbox 1092 2037 1231 2103; x_wconf 90' lang='lat' dir='ltr'><strong><em>diuersis</em></strong></span> <span class='ocrx_word' id='word_1_128' title='bbox 1259 2038 1445 2103; x_wconf 90' lang='lat' dir='ltr'><strong><em>nominibus</em></strong></span> <span class='ocrx_word' id='word_1_129' title='bbox 1464 2038 1659 2126; x_wconf 85' lang='lat' dir='ltr'><strong><em>appelletur,</em></strong></span> <span class='ocrx_word' id='word_1_130' title='bbox 1688 2049 1719 2103; x_wconf 88' lang='lat' dir='ltr'><strong><em>et</em></strong></span> <span class='ocrx_word' id='word_1_131' title='bbox 1745 2062 1810 2104; x_wconf 95' lang='lat' dir='ltr'><strong><em>non</em></strong></span> <span class='ocrx_word' id='word_1_132' title='bbox 1830 2041 1971 2103; x_wconf 86' lang='lat' dir='ltr'><strong><em>continet</em></strong></span> <span class='ocrx_word' id='word_1_133' title='bbox 1990 2038 2089 2104; x_wconf 89' lang='lat' dir='ltr'><strong><em>multo</em></strong></span> <span class='ocrx_word' id='word_1_134' title='bbox 2111 2062 2179 2102; x_wconf 87' lang='lat' dir='ltr'><strong><em>am·</em></strong></span> 
     </span>
     <span class='ocr_line' id='line_1_13' title="bbox 509 2153 2180 2243; baseline -0.002 -22"><span class='ocrx_word' id='word_1_135' title='bbox 509 2157 594 2243; x_wconf 89' lang='lat' dir='ltr'><strong><em>plius</em></strong></span> <span class='ocrx_word' id='word_1_136' title='bbox 604 2159 639 2237; x_wconf 69' lang='lat' dir='ltr'><strong><em>b),</em></strong></span> <span class='ocrx_word' id='word_1_137' title='bbox 661 2180 756 2241; x_wconf 90' lang='lat' dir='ltr'><strong><em>quam</em></strong></span> <span class='ocrx_word' id='word_1_138' title='bbox 777 2155 897 2219; x_wconf 86' lang='lat' dir='ltr'><strong><em>dietam</em></strong></span> <span class='ocrx_word' id='word_1_139' title='bbox 919 2167 952 2220; x_wconf 89' lang='lat' dir='ltr'><strong><em>et</em></strong></span> <span class='ocrx_word' id='word_1_140' title='bbox 973 2154 1141 2218; x_wconf 85' lang='lat' dir='ltr'><strong><em>dimidiam</em></strong></span> <span class='ocrx_word' id='word_1_141' title='bbox 1162 2158 1196 2219; x_wconf 90' lang='lat' dir='ltr'><strong><em>in</em></strong></span> <span class='ocrx_word' id='word_1_142' title='bbox 1217 2155 1350 2240; x_wconf 88' lang='lat' dir='ltr'><strong><em>longum</em></strong></span> <span class='ocrx_word' id='word_1_143' title='bbox 1371 2157 1456 2218; x_wconf 88' lang='lat' dir='ltr'><strong><em>etin</em></strong></span> <span class='ocrx_word' id='word_1_144' title='bbox 1477 2155 1587 2234; x_wconf 88' lang='lat' dir='ltr'><strong><em>latum,</em></strong></span> <span class='ocrx_word' id='word_1_145' title='bbox 1608 2177 1711 2240; x_wconf 86' lang='lat' dir='ltr'><strong><em>neque</em></strong></span> <span class='ocrx_word' id='word_1_146' title='bbox 1732 2154 1860 2220; x_wconf 88' lang='lat' dir='ltr'><strong><em>uidetur</em></strong></span> <span class='ocrx_word' id='word_1_147' title='bbox 1881 2155 1976 2237; x_wconf 90' lang='lat' dir='ltr'><strong><em>mihi,</em></strong></span> <span class='ocrx_word' id='word_1_148' title='bbox 2003 2155 2090 2241; x_wconf 90' lang='lat' dir='ltr'><strong><em>quod</em></strong></span> <span class='ocrx_word' id='word_1_149' title='bbox 2111 2153 2180 2219; x_wconf 91' lang='lat' dir='ltr'><strong><em>lon-</em></strong></span> 
     </span>
     <span class='ocr_line' id='line_1_14' title="bbox 509 2269 2179 2358; baseline -0.002 -21"><span class='ocrx_word' id='word_1_150' title='bbox 509 2272 620 2358; x_wconf 84' lang='lat' dir='ltr'><strong><em>gitudo</em></strong></span> <span class='ocrx_word' id='word_1_151' title='bbox 651 2270 788 2335; x_wconf 82' lang='lat' dir='ltr'><strong><em>excedat</em></strong></span> <span class='ocrx_word' id='word_1_152' title='bbox 814 2270 1032 2351; x_wconf 88' lang='lat' dir='ltr'><strong><em>latitudinem,</em></strong></span> <span class='ocrx_word' id='word_1_153' title='bbox 1061 2271 1123 2334; x_wconf 91' lang='lat' dir='ltr'><strong><em>nisi</em></strong></span> <span class='ocrx_word' id='word_1_154' title='bbox 1148 2271 1230 2334; x_wconf 89' lang='lat' dir='ltr'><strong><em>forte</em></strong></span> <span class='ocrx_word' id='word_1_155' title='bbox 1256 2272 1290 2333; x_wconf 93' lang='lat' dir='ltr'><strong><em>in</em></strong></span> <span class='ocrx_word' id='word_1_156' title='bbox 1311 2269 1440 2334; x_wconf 88' lang='lat' dir='ltr'><strong><em>modica</em></strong></span> <span class='ocrx_word' id='word_1_157' title='bbox 1458 2274 1645 2355; x_wconf 88' lang='lat' dir='ltr'><strong><em>quantitate.</em></strong></span> <span class='ocrx_word' id='word_1_158' title='bbox 1689 2271 1767 2336; x_wconf 92' lang='lat' dir='ltr'><strong><em>Post</em></strong></span> <span class='ocrx_word' id='word_1_159' title='bbox 1792 2273 1990 2337; x_wconf 85' lang='lat' dir='ltr'><strong><em>territorium</em></strong></span> <span class='ocrx_word' id='word_1_160' title='bbox 2010 2281 2116 2334; x_wconf 87' lang='lat' dir='ltr'><strong><em>autem</em></strong></span> <span class='ocrx_word' id='word_1_161' title='bbox 2139 2271 2179 2334; x_wconf 91' lang='lat' dir='ltr'><strong><em>si·</em></strong></span> 
     </span>
     <span class='ocr_line' id='line_1_15' title="bbox 510 2385 2181 2473; baseline -0.002 -20"><span class='ocrx_word' id='word_1_162' title='bbox 510 2388 680 2466; x_wconf 75' lang='lat' dir='ltr'><strong><em>donense⁰)</em></strong></span> <span class='ocrx_word' id='word_1_163' title='bbox 708 2399 739 2450; x_wconf 90' lang='lat' dir='ltr'><strong><em>et</em></strong></span> <span class='ocrx_word' id='word_1_164' title='bbox 760 2399 914 2452; x_wconf 90' lang='lat' dir='ltr'><strong><em>montana</em></strong></span> <span class='ocrx_word' id='word_1_165' title='bbox 932 2388 1017 2450; x_wconf 90' lang='lat' dir='ltr'><strong><em>inter</em></strong></span> <span class='ocrx_word' id='word_1_166' title='bbox 1044 2409 1102 2450; x_wconf 90' lang='lat' dir='ltr'><strong><em>nos</em></strong></span> <span class='ocrx_word' id='word_1_167' title='bbox 1132 2398 1163 2449; x_wconf 88' lang='lat' dir='ltr'><strong><em>et</em></strong></span> <span class='ocrx_word' id='word_1_168' title='bbox 1184 2385 1399 2467; x_wconf 84' lang='lat' dir='ltr'><strong><em>Sarracenos,</em></strong></span> <span class='ocrx_word' id='word_1_169' title='bbox 1428 2389 1482 2473; x_wconf 91' lang='lat' dir='ltr'><strong><em>qui</em></strong></span> <span class='ocrx_word' id='word_1_170' title='bbox 1502 2386 1676 2453; x_wconf 82' lang='lat' dir='ltr'><strong><em>Bucherite</em></strong></span> <span class='ocrx_word' id='word_1_171' title='bbox 1703 2388 1852 2453; x_wconf 89' lang='lat' dir='ltr'><strong><em>dicuntur</em></strong></span> <span class='ocrx_word' id='word_1_172' title='bbox 1878 2399 1910 2452; x_wconf 92' lang='lat' dir='ltr'><strong><em>et</em></strong></span> <span class='ocrx_word' id='word_1_173' title='bbox 1932 2388 2070 2452; x_wconf 87' lang='lat' dir='ltr'><strong><em>Passum</em></strong></span> <span class='ocrx_word' id='word_1_174' title='bbox 2090 2388 2181 2451; x_wconf 86' lang='lat' dir='ltr'><strong><em>canis</em></strong></span> 
     </span>
     <span class='ocr_line' id='line_1_16' title="bbox 509 2502 2183 2590; baseline -0.001 -22"><span class='ocrx_word' id='word_1_175' title='bbox 509 2503 707 2583; x_wconf 85' lang='lat' dir='ltr'><strong><em>inhabitant,</em></strong></span> <span class='ocrx_word' id='word_1_176' title='bbox 735 2525 836 2589; x_wconf 88' lang='lat' dir='ltr'><strong><em>usque</em></strong></span> <span class='ocrx_word' id='word_1_177' title='bbox 857 2502 1003 2567; x_wconf 90' lang='lat' dir='ltr'><strong><em>Beritum</em></strong></span> <span class='ocrx_word' id='word_1_178' title='bbox 1028 2512 1077 2566; x_wconf 88' lang='lat' dir='ltr'><strong><em>est</em></strong></span> <span class='ocrx_word' id='word_1_179' title='bbox 1098 2503 1231 2588; x_wconf 87' lang='lat' dir='ltr'><strong><em>proprie</em></strong></span> <span class='ocrx_word' id='word_1_180' title='bbox 1253 2502 1375 2565; x_wconf 89' lang='lat' dir='ltr'><strong><em>Yturea</em></strong></span> <span class='ocrx_word' id='word_1_181' title='bbox 1401 2504 1491 2588; x_wconf 85' lang='lat' dir='ltr'><strong><em>regio</em></strong></span> <span class='ocrx_word' id='word_1_182' title='bbox 1514 2505 1548 2567; x_wconf 93' lang='lat' dir='ltr'><strong><em>in</em></strong></span> <span class='ocrx_word' id='word_1_183' title='bbox 1570 2504 1670 2587; x_wconf 88' lang='lat' dir='ltr'><strong><em>ualle,</em></strong></span> <span class='ocrx_word' id='word_1_184' title='bbox 1701 2526 1763 2590; x_wconf 90' lang='lat' dir='ltr'><strong><em>que</em></strong></span> <span class='ocrx_word' id='word_1_185' title='bbox 1791 2502 1908 2567; x_wconf 87' lang='lat' dir='ltr'><strong><em>dieitur</em></strong></span> <span class='ocrx_word' id='word_1_186' title='bbox 1929 2502 2119 2583; x_wconf 47' lang='lat' dir='ltr'><strong><em>Bonae),</em></strong></span> <span class='ocrx_word' id='word_1_187' title='bbox 2149 2509 2183 2566; x_wconf 89' lang='lat' dir='ltr'><strong><em>et</em></strong></span> 
     </span>
     <span class='ocr_line' id='line_1_17' title="bbox 510 2617 1829 2707; baseline 0.001 -24"><span class='ocrx_word' id='word_1_188' title='bbox 510 2621 588 2706; x_wconf 87' lang='lat' dir='ltr'><strong><em>quia</em></strong></span> <span class='ocrx_word' id='word_1_189' title='bbox 610 2618 652 2682; x_wconf 86' lang='lat' dir='ltr'><strong><em>ad</em></strong></span> <span class='ocrx_word' id='word_1_190' title='bbox 674 2618 802 2683; x_wconf 87' lang='lat' dir='ltr'><strong><em>radices</em></strong></span> <span class='ocrx_word' id='word_1_191' title='bbox 824 2618 945 2682; x_wconf 89' lang='lat' dir='ltr'><strong><em>Libani</em></strong></span> <span class='ocrx_word' id='word_1_192' title='bbox 967 2617 1152 2681; x_wconf 83' lang='lat' dir='ltr'><strong><em>extenditur</em></strong></span> <span class='ocrx_word' id='word_1_193' title='bbox 1171 2619 1207 2682; x_wconf 91' lang='lat' dir='ltr'><strong><em>in</em></strong></span> <span class='ocrx_word' id='word_1_194' title='bbox 1227 2617 1367 2702; x_wconf 82' lang='lat' dir='ltr'><strong><em>longum,</em></strong></span> <span class='ocrx_word' id='word_1_195' title='bbox 1391 2624 1486 2680; x_wconf 83' lang='lat' dir='ltr'><strong><em>saltos</em></strong></span> <span class='ocrx_word' id='word_1_196' title='bbox 1508 2623 1618 2681; x_wconf 84' lang='lat' dir='ltr'><strong><em>Libani</em></strong></span> <span class='ocrx_word' id='word_1_197' title='bbox 1638 2619 1829 2707; x_wconf 85' lang='lat' dir='ltr'><strong><em>appellatur.</em></strong></span> 
     </span>
    </p>

    <p class='ocr_par' dir='ltr' id='par_1_4' title="bbox 475 2731 2182 3160">
     <span class='ocr_line' id='line_1_18' title="bbox 475 2731 2182 2816; baseline -0.001 -17"><span class='ocrx_word' id='word_1_198' title='bbox 475 2731 491 2782; x_wconf 76' lang='grc' dir='ltr'>θ</span> <span class='ocrx_word' id='word_1_199' title='bbox 634 2735 686 2799; x_wconf 90' lang='lat' dir='ltr'><strong><em>De</em></strong></span> <span class='ocrx_word' id='word_1_200' title='bbox 708 2734 884 2799; x_wconf 88' lang='lat' dir='ltr'><strong><em>Tiberiade</em></strong></span> <span class='ocrx_word' id='word_1_201' title='bbox 913 2733 1077 2798; x_wconf 89' lang='lat' dir='ltr'><strong><em>redeundo</em></strong></span> <span class='ocrx_word' id='word_1_202' title='bbox 1106 2744 1219 2798; x_wconf 87' lang='lat' dir='ltr'><strong><em>contra</em></strong></span> <span class='ocrx_word' id='word_1_203' title='bbox 1247 2732 1445 2798; x_wconf 89' lang='lat' dir='ltr'><strong><em>occidentem</em></strong></span> <span class='ocrx_word' id='word_1_204' title='bbox 1473 2732 1516 2796; x_wconf 89' lang='lat' dir='ltr'><strong><em>ad</em></strong></span> <span class='ocrx_word' id='word_1_205' title='bbox 1544 2758 1602 2799; x_wconf 88' lang='lat' dir='ltr'><strong><em>sex</em></strong></span> <span class='ocrx_word' id='word_1_206' title='bbox 1623 2735 1732 2799; x_wconf 85' lang='lat' dir='ltr'><strong><em>leucas</em></strong></span> <span class='ocrx_word' id='word_1_207' title='bbox 1738 2784 1747 2816; x_wconf 92' lang='lat'><strong><em>,</em></strong></span> <span class='ocrx_word' id='word_1_208' title='bbox 1780 2736 1821 2800; x_wconf 89' lang='lat' dir='ltr'><strong><em>de</em></strong></span> <span class='ocrx_word' id='word_1_209' title='bbox 1849 2735 1964 2801; x_wconf 82' lang='lat' dir='ltr'><strong><em>Obana</em></strong></span> <span class='ocrx_word' id='word_1_210' title='bbox 1984 2732 2109 2799; x_wconf 85' lang='lat' dir='ltr'><strong><em>Galilee</em></strong></span> <span class='ocrx_word' id='word_1_211' title='bbox 2137 2733 2182 2797; x_wconf 88' lang='lat' dir='ltr'><strong><em>ad</em></strong></span> 
     </span>
     <span class='ocr_line' id='line_1_19' title="bbox 510 2847 2181 2937; baseline -0.001 -22"><span class='ocrx_word' id='word_1_212' title='bbox 510 2851 592 2915; x_wconf 85' lang='lat' dir='ltr'><strong><em>duas</em></strong></span> <span class='ocrx_word' id='word_1_213' title='bbox 614 2851 723 2915; x_wconf 84' lang='lat' dir='ltr'><strong><em>leucas</em></strong></span> <span class='ocrx_word' id='word_1_214' title='bbox 746 2860 859 2914; x_wconf 87' lang='lat' dir='ltr'><strong><em>contra</em></strong></span> <span class='ocrx_word' id='word_1_215' title='bbox 881 2861 1027 2913; x_wconf 89' lang='lat' dir='ltr'><strong><em>austrum</em></strong></span> <span class='ocrx_word' id='word_1_216' title='bbox 1048 2858 1096 2913; x_wconf 89' lang='lat' dir='ltr'><strong><em>cst</em></strong></span> <span class='ocrx_word' id='word_1_217' title='bbox 1118 2849 1324 2928; x_wconf 59' lang='lat' dir='ltr'><strong><em>Sephoram)</em></strong></span> <span class='ocrx_word' id='word_1_218' title='bbox 1349 2847 1480 2934; x_wconf 91' lang='lat' dir='ltr'><strong><em>opidum</em></strong></span> <span class='ocrx_word' id='word_1_219' title='bbox 1503 2860 1534 2913; x_wconf 89' lang='lat' dir='ltr'><strong><em>et</em></strong></span> <span class='ocrx_word' id='word_1_220' title='bbox 1555 2861 1696 2915; x_wconf 89' lang='lat' dir='ltr'><strong><em>castrum</em></strong></span> <span class='ocrx_word' id='word_1_221' title='bbox 1720 2850 1861 2937; x_wconf 87' lang='lat' dir='ltr'><strong><em>desuper</em></strong></span> <span class='ocrx_word' id='word_1_222' title='bbox 1881 2849 1977 2914; x_wconf 86' lang='lat' dir='ltr'><strong><em>ualde</em></strong></span> <span class='ocrx_word' id='word_1_223' title='bbox 1998 2848 2181 2936; x_wconf 85' lang='lat' dir='ltr'><strong><em>pulchrum,</em></strong></span> 
     </span>
     <span class='ocr_line' id='line_1_20' title="bbox 510 2964 2181 3051; baseline -0.001 -21"><span class='ocrx_word' id='word_1_224' title='bbox 510 2967 550 3030; x_wconf 89' lang='lat' dir='ltr'><strong><em>de</em></strong></span> <span class='ocrx_word' id='word_1_225' title='bbox 573 2988 636 3051; x_wconf 90' lang='lat' dir='ltr'><strong><em>quo</em></strong></span> <span class='ocrx_word' id='word_1_226' title='bbox 658 2965 872 3043; x_wconf 58' lang='lat' dir='ltr'><strong><em>Icaehi1n²*³)</em></strong></span> <span class='ocrx_word' id='word_1_227' title='bbox 879 3014 888 3046; x_wconf 92' lang='lat'><strong><em>,</em></strong></span> <span class='ocrx_word' id='word_1_228' title='bbox 908 2979 999 3051; x_wconf 83' lang='lat' dir='ltr'><strong><em>pater</em></strong></span> <span class='ocrx_word' id='word_1_229' title='bbox 1022 2964 1115 3029; x_wconf 87' lang='lat' dir='ltr'><strong><em>beate</em></strong></span> <span class='ocrx_word' id='word_1_230' title='bbox 1137 2967 1285 3049; x_wconf 84' lang='lat' dir='ltr'><strong><em>uirginis,</em></strong></span> <span class='ocrx_word' id='word_1_231' title='bbox 1305 2964 1424 3028; x_wconf 89' lang='lat' dir='ltr'><strong><em>dicitur</em></strong></span> <span class='ocrx_word' id='word_1_232' title='bbox 1446 2965 1600 3029; x_wconf 90' lang='lat' dir='ltr'><strong><em>oriundus</em></strong></span> <span class='ocrx_word' id='word_1_233' title='bbox 1622 2966 1728 3030; x_wconf 87' lang='lat' dir='ltr'><strong><em>fuisse.</em></strong></span> <span class='ocrx_word' id='word_1_234' title='bbox 1769 2965 1814 3029; x_wconf 82' lang='lat' dir='ltr'><strong><em>Et</em></strong></span> <span class='ocrx_word' id='word_1_235' title='bbox 1834 2970 1937 3030; x_wconf 85' lang='lat' dir='ltr'><strong><em>estin</em></strong></span> <span class='ocrx_word' id='word_1_236' title='bbox 1955 2965 2075 3044; x_wconf 61' lang='lat' dir='ltr'><strong><em>tribul)</em></strong></span> <span class='ocrx_word' id='word_1_237' title='bbox 2095 2964 2181 3029; x_wconf 87' lang='lat' dir='ltr'><strong><em>Aser</em></strong></span> 
     </span>
     <span class='ocr_line' id='line_1_21' title="bbox 509 3079 1056 3160; baseline 0 -16"><span class='ocrx_word' id='word_1_238' title='bbox 509 3082 601 3144; x_wconf 85' lang='lat' dir='ltr'><strong><em>iuxta</em></strong></span> <span class='ocrx_word' id='word_1_239' title='bbox 622 3080 739 3145; x_wconf 88' lang='lat' dir='ltr'><strong><em>uallem</em></strong></span> <span class='ocrx_word' id='word_1_240' title='bbox 762 3079 1056 3160; x_wconf 57' lang='lat' dir='ltr'><strong><em>Carmelioneutt).</em></strong></span> 
     </span>
    </p>

    <p class='ocr_par' dir='ltr' id='par_1_5' title="bbox 479 3196 2186 3515">
     <span class='ocr_line' id='line_1_22' title="bbox 479 3196 2182 3283; baseline -0.002 -18"><span class='ocrx_word' id='word_1_241' title='bbox 479 3216 493 3265; x_wconf 82' lang='lat' dir='ltr'><strong><em>&#39;t</em></strong></span> <span class='ocrx_word' id='word_1_242' title='bbox 636 3197 688 3261; x_wconf 89' lang='lat' dir='ltr'><strong><em>De</em></strong></span> <span class='ocrx_word' id='word_1_243' title='bbox 711 3197 890 3283; x_wconf 73' lang='lat' dir='ltr'><strong><em>Sephoraf)</em></strong></span> <span class='ocrx_word' id='word_1_244' title='bbox 914 3197 957 3260; x_wconf 85' lang='lat' dir='ltr'><strong><em>ad</em></strong></span> <span class='ocrx_word' id='word_1_245' title='bbox 979 3196 1060 3261; x_wconf 86' lang='lat' dir='ltr'><strong><em>duas</em></strong></span> <span class='ocrx_word' id='word_1_246' title='bbox 1081 3196 1191 3261; x_wconf 89' lang='lat' dir='ltr'><strong><em>leucas</em></strong></span> <span class='ocrx_word' id='word_1_247' title='bbox 1214 3207 1325 3260; x_wconf 87' lang='lat' dir='ltr'><strong><em>contra</em></strong></span> <span class='ocrx_word' id='word_1_248' title='bbox 1347 3206 1491 3260; x_wconf 90' lang='lat' dir='ltr'><strong><em>austrum</em></strong></span> <span class='ocrx_word' id='word_1_249' title='bbox 1513 3197 1590 3280; x_wconf 87' lang='lat' dir='ltr'><strong><em>fere,</em></strong></span> <span class='ocrx_word' id='word_1_250' title='bbox 1613 3197 1774 3262; x_wconf 89' lang='lat' dir='ltr'><strong><em>modicum</em></strong></span> <span class='ocrx_word' id='word_1_251' title='bbox 1797 3197 1988 3262; x_wconf 89' lang='lat' dir='ltr'><strong><em>declinando</em></strong></span> <span class='ocrx_word' id='word_1_252' title='bbox 2011 3196 2054 3261; x_wconf 90' lang='lat' dir='ltr'><strong><em>ad</em></strong></span> <span class='ocrx_word' id='word_1_253' title='bbox 2076 3199 2182 3262; x_wconf 86' lang='lat' dir='ltr'><strong><em>orien-</em></strong></span> 
     </span>
     <span class='ocr_line' id='line_1_23' title="bbox 512 3311 2184 3400; baseline 0.001 -24"><span class='ocrx_word' id='word_1_254' title='bbox 512 3324 585 3394; x_wconf 88' lang='lat' dir='ltr'><strong><em>tem,</em></strong></span> <span class='ocrx_word' id='word_1_255' title='bbox 608 3323 656 3377; x_wconf 90' lang='lat' dir='ltr'><strong><em>est</em></strong></span> <span class='ocrx_word' id='word_1_256' title='bbox 677 3315 917 3394; x_wconf 46' lang='lat' dir='ltr'><strong><em>mazar-emb),</em></strong></span> <span class='ocrx_word' id='word_1_257' title='bbox 948 3314 1062 3377; x_wconf 88' lang='lat' dir='ltr'><strong><em>ciuitas</em></strong></span> <span class='ocrx_word' id='word_1_258' title='bbox 1086 3311 1211 3376; x_wconf 87' lang='lat' dir='ltr'><strong><em>Galilec</em></strong></span> <span class='ocrx_word' id='word_1_259' title='bbox 1229 3311 1285 3376; x_wconf 89' lang='lat' dir='ltr'><strong><em>illa</em></strong></span> <span class='ocrx_word' id='word_1_260' title='bbox 1307 3311 1478 3377; x_wconf 87' lang='lat' dir='ltr'><strong><em>benedicta</em></strong></span> <span class='ocrx_word' id='word_1_261' title='bbox 1485 3362 1493 3394; x_wconf 91' lang='lat'><strong><em>,</em></strong></span> <span class='ocrx_word' id='word_1_262' title='bbox 1517 3315 1550 3376; x_wconf 90' lang='lat' dir='ltr'><strong><em>in</em></strong></span> <span class='ocrx_word' id='word_1_263' title='bbox 1572 3336 1636 3400; x_wconf 89' lang='lat' dir='ltr'><strong><em>qua</em></strong></span> <span class='ocrx_word' id='word_1_264' title='bbox 1658 3315 1773 3399; x_wconf 85' lang='lat' dir='ltr'><strong><em>„uirga</em></strong></span> <span class='ocrx_word' id='word_1_265' title='bbox 1795 3312 1835 3377; x_wconf 93' lang='lat' dir='ltr'><strong><em>de</em></strong></span> <span class='ocrx_word' id='word_1_266' title='bbox 1857 3313 1967 3378; x_wconf 85' lang='lat' dir='ltr'><strong><em>radice</em></strong></span> <span class='ocrx_word' id='word_1_267' title='bbox 1989 3313 2112 3378; x_wconf 88' lang='lat' dir='ltr'><strong><em>Yesse“</em></strong></span> <span class='ocrx_word' id='word_1_268' title='bbox 2124 3314 2184 3389; x_wconf 78' lang='lat'>²⁹⁰)</span> 
     </span>
     <span class='ocr_line' id='line_1_24' title="bbox 511 3427 2186 3515; baseline 0.003 -24"><span class='ocrx_word' id='word_1_269' title='bbox 511 3427 599 3492; x_wconf 85' lang='lat' dir='ltr'><strong><em>facto</em></strong></span> <span class='ocrx_word' id='word_1_270' title='bbox 630 3427 673 3492; x_wconf 84' lang='lat' dir='ltr'><strong><em>ad</em></strong></span> <span class='ocrx_word' id='word_1_271' title='bbox 703 3450 774 3493; x_wconf 85' lang='lat' dir='ltr'><strong><em>cam</em></strong></span> <span class='ocrx_word' id='word_1_272' title='bbox 797 3428 945 3514; x_wconf 86' lang='lat' dir='ltr'><strong><em>angelica</em></strong></span> <span class='ocrx_word' id='word_1_273' title='bbox 969 3428 1162 3494; x_wconf 86' lang='lat' dir='ltr'><strong><em>salutatione</em></strong></span> <span class='ocrx_word' id='word_1_274' title='bbox 1185 3429 1225 3492; x_wconf 88' lang='lat' dir='ltr'><strong><em>de</em></strong></span> <span class='ocrx_word' id='word_1_275' title='bbox 1249 3428 1373 3514; x_wconf 84' lang='lat' dir='ltr'><strong><em>Spiritu</em></strong></span> <span class='ocrx_word' id='word_1_276' title='bbox 1396 3427 1516 3494; x_wconf 84' lang='lat' dir='ltr'><strong><em>Sancto</em></strong></span> <span class='ocrx_word' id='word_1_277' title='bbox 1538 3431 1685 3515; x_wconf 88' lang='lat' dir='ltr'><strong><em>concepit</em></strong></span> <span class='ocrx_word' id='word_1_278' title='bbox 1707 3432 1827 3495; x_wconf 86' lang='lat' dir='ltr'><strong><em>uentris</em></strong></span> <span class='ocrx_word' id='word_1_279' title='bbox 1849 3432 2004 3513; x_wconf 85' lang='lat' dir='ltr'><strong><em>fructum,</em></strong></span> <span class='ocrx_word' id='word_1_280' title='bbox 2033 3428 2186 3496; x_wconf 86' lang='lat' dir='ltr'><strong><em>benedic·</em></strong></span> 
     </span>
    </p>
   </div>
   <div class='ocr_carea' id='block_1_3' title="bbox 578 3623 2184 3778">
    <p class='ocr_par' dir='ltr' id='par_1_6' title="bbox 578 3623 2184 3778">
     <span class='ocr_line' id='line_1_25' title="bbox 578 3623 2184 3699; baseline 0.004 -22"><span class='ocrx_word' id='word_1_281' title='bbox 578 3627 606 3696; x_wconf 87' lang='grc' dir='ltr'><strong><em>ε)</em></strong></span> <span class='ocrx_word' id='word_1_282' title='bbox 627 3624 710 3678; x_wconf 82' lang='lat' dir='ltr'><strong><em>Roob</em></strong></span> <span class='ocrx_word' id='word_1_283' title='bbox 729 3626 768 3680; x_wconf 88' lang='lat' dir='ltr'><strong><em>St.</em></strong></span> <span class='ocrx_word' id='word_1_284' title='bbox 786 3625 868 3679; x_wconf 82' lang='lat' dir='ltr'><strong><em>Roob</em></strong></span> <span class='ocrx_word' id='word_1_285' title='bbox 885 3624 912 3679; x_wconf 92' lang='lat' dir='ltr'><strong><em>b.</em></strong></span> <span class='ocrx_word' id='word_1_286' title='bbox 931 3655 965 3666; x_wconf 78' lang='lat'>-</span> <span class='ocrx_word' id='word_1_287' title='bbox 982 3625 1012 3687; x_wconf 88' lang='lat' dir='ltr'><strong><em>b)</em></strong></span> <span class='ocrx_word' id='word_1_288' title='bbox 1030 3624 1151 3694; x_wconf 82' lang='lat' dir='ltr'><strong><em>amplius</em></strong></span> <span class='ocrx_word' id='word_1_289' title='bbox 1169 3625 1225 3677; x_wconf 70' lang='lat' dir='ltr'><strong><em>ossi</em></strong></span> <span class='ocrx_word' id='word_1_290' title='bbox 1241 3642 1319 3690; x_wconf 66' lang='lat' dir='ltr'><strong><em>aram</em></strong></span> <span class='ocrx_word' id='word_1_291' title='bbox 1338 3623 1379 3680; x_wconf 86' lang='lat' dir='ltr'><strong><em>St.</em></strong></span> <span class='ocrx_word' id='word_1_292' title='bbox 1397 3655 1430 3665; x_wconf 90' lang='lat'><em>—</em></span> <span class='ocrx_word' id='word_1_293' title='bbox 1449 3629 1476 3691; x_wconf 85' lang='lat' dir='ltr'><strong><em>c)</em></strong></span> <span class='ocrx_word' id='word_1_294' title='bbox 1495 3644 1528 3679; x_wconf 87' lang='lat' dir='ltr'><strong><em>ac</em></strong></span> <span class='ocrx_word' id='word_1_295' title='bbox 1545 3628 1664 3695; x_wconf 75' lang='lat' dir='ltr'><strong><em>cydonea</em></strong></span> <span class='ocrx_word' id='word_1_296' title='bbox 1681 3626 1721 3682; x_wconf 90' lang='lat' dir='ltr'><strong><em>St.</em></strong></span> <span class='ocrx_word' id='word_1_297' title='bbox 1744 3659 1772 3670; x_wconf 86' lang='lat'><em>-</em></span> <span class='ocrx_word' id='word_1_298' title='bbox 1791 3629 1820 3693; x_wconf 91' lang='lat' dir='ltr'><strong><em>d)</em></strong></span> <span class='ocrx_word' id='word_1_299' title='bbox 1838 3629 1909 3683; x_wconf 84' lang='lat' dir='ltr'><strong><em>inter</em></strong></span> <span class='ocrx_word' id='word_1_300' title='bbox 1926 3631 1974 3699; x_wconf 77' lang='lat' dir='ltr'><strong><em>hep</em></strong></span> <span class='ocrx_word' id='word_1_301' title='bbox 1990 3644 2066 3683; x_wconf 86' lang='lat' dir='ltr'><strong><em>asser</em></strong></span> <span class='ocrx_word' id='word_1_302' title='bbox 2084 3631 2124 3686; x_wconf 76' lang='lat' dir='ltr'><strong><em>St</em></strong></span> <span class='ocrx_word' id='word_1_303' title='bbox 2142 3632 2184 3684; x_wconf 76' lang='lat' dir='ltr'><strong><em>in·</em></strong></span> 
     </span>
     <span class='ocr_line' id='line_1_26' title="bbox 646 3705 1503 3778; baseline 0.001 -17"><span class='ocrx_word' id='word_1_304' title='bbox 646 3715 687 3761; x_wconf 81' lang='lat' dir='ltr'><strong><em>ter</em></strong></span> <span class='ocrx_word' id='word_1_305' title='bbox 704 3709 738 3776; x_wconf 79' lang='lat' dir='ltr'><strong><em>by</em></strong></span> <span class='ocrx_word' id='word_1_306' title='bbox 755 3725 830 3762; x_wconf 85' lang='lat' dir='ltr'><strong><em>asser</em></strong></span> <span class='ocrx_word' id='word_1_307' title='bbox 848 3709 873 3764; x_wconf 92' lang='lat' dir='ltr'><strong><em>b.</em></strong></span> <span class='ocrx_word' id='word_1_308' title='bbox 891 3740 924 3750; x_wconf 97' lang='lat'><em>-</em></span> <span class='ocrx_word' id='word_1_309' title='bbox 941 3713 966 3773; x_wconf 86' lang='lat' dir='ltr'><strong><em>e)</em></strong></span> <span class='ocrx_word' id='word_1_310' title='bbox 985 3709 1126 3762; x_wconf 70' lang='lat' dir='ltr'><strong><em>cumulem</em></strong></span> <span class='ocrx_word' id='word_1_311' title='bbox 1144 3707 1204 3762; x_wconf 89' lang='lat' dir='ltr'><strong><em>Sth</em></strong></span> <span class='ocrx_word' id='word_1_312' title='bbox 1233 3737 1266 3745; x_wconf 89' lang='lat'>—</span> <span class='ocrx_word' id='word_1_313' title='bbox 1284 3705 1310 3775; x_wconf 84' lang='lat' dir='ltr'><strong><em>i)</em></strong></span> <span class='ocrx_word' id='word_1_314' title='bbox 1328 3709 1446 3778; x_wconf 82' lang='lat' dir='ltr'><strong><em>replaro</em></strong></span> <span class='ocrx_word' id='word_1_315' title='bbox 1464 3707 1503 3764; x_wconf 88' lang='lat' dir='ltr'><strong><em>St.</em></strong></span> 
     </span>
    </p>
   </div>
   <div class='ocr_carea' id='block_1_4' title="bbox 509 3893 2187 4669">
    <p class='ocr_par' dir='ltr' id='par_1_7' title="bbox 509 3893 2187 4669">
     <span class='ocr_line' id='line_1_27' title="bbox 511 3893 2187 3981; baseline 0.004 -26"><span class='ocrx_word' id='word_1_316' title='bbox 511 3916 619 3955; x_wconf 88' lang='lat' dir='ltr'><strong><em>nomen</em></strong></span> <span class='ocrx_word' id='word_1_317' title='bbox 641 3896 822 3974; x_wconf 87' lang='lat' dir='ltr'><strong><em>patriarchae</em></strong></span> <span class='ocrx_word' id='word_1_318' title='bbox 844 3893 1058 3974; x_wconf 83' lang='lat' dir='ltr'><strong><em>Hierosolymis</em></strong></span> <span class='ocrx_word' id='word_1_319' title='bbox 1080 3896 1228 3955; x_wconf 79' lang='lat' dir='ltr'><strong><em>sedentis?</em></strong></span> <span class='ocrx_word' id='word_1_320' title='bbox 1249 3895 1325 3954; x_wconf 90' lang='lat' dir='ltr'><strong><em>Vivo</em></strong></span> <span class='ocrx_word' id='word_1_321' title='bbox 1368 3917 1387 3955; x_wconf 89' lang='lat' dir='ltr'><strong><em>a</em></strong></span> <span class='ocrx_word' id='word_1_322' title='bbox 1415 3899 1545 3974; x_wconf 85' lang='lat' dir='ltr'><strong><em>margine</em></strong></span> <span class='ocrx_word' id='word_1_323' title='bbox 1570 3901 1698 3979; x_wconf 82' lang='lat' dir='ltr'><strong><em>irrepsit;</em></strong></span> <span class='ocrx_word' id='word_1_324' title='bbox 1731 3901 1916 3960; x_wconf 82' lang='lat' dir='ltr'><strong><em>Barchardus</em></strong></span> <span class='ocrx_word' id='word_1_325' title='bbox 1943 3901 1999 3960; x_wconf 89' lang='lat' dir='ltr'><strong><em>hac</em></strong></span> <span class='ocrx_word' id='word_1_326' title='bbox 2025 3903 2114 3981; x_wconf 88' lang='lat' dir='ltr'><strong><em>culpa</em></strong></span> <span class='ocrx_word' id='word_1_327' title='bbox 2136 3923 2187 3962; x_wconf 83' lang='lat' dir='ltr'><strong><em>va·</em></strong></span> 
     </span>
     <span class='ocr_line' id='line_1_28' title="bbox 510 3993 2186 4080; baseline 0.006 -27"><span class='ocrx_word' id='word_1_328' title='bbox 510 3996 598 4072; x_wconf 84' lang='lat' dir='ltr'><strong><em>igitur</em></strong></span> <span class='ocrx_word' id='word_1_329' title='bbox 618 3996 728 4054; x_wconf 92' lang='lat' dir='ltr'><strong><em>Iacobo</em></strong></span> <span class='ocrx_word' id='word_1_330' title='bbox 752 3995 788 4053; x_wconf 92' lang='lat' dir='ltr'><strong><em>dc</em></strong></span> <span class='ocrx_word' id='word_1_331' title='bbox 810 3993 939 4053; x_wconf 87' lang='lat' dir='ltr'><strong><em>Vitriaco</em></strong></span> <span class='ocrx_word' id='word_1_332' title='bbox 967 4016 1025 4053; x_wconf 89' lang='lat' dir='ltr'><strong><em>nou</em></strong></span> <span class='ocrx_word' id='word_1_333' title='bbox 1049 3996 1164 4074; x_wconf 86' lang='lat' dir='ltr'><strong><em>scripsit</em></strong></span> <span class='ocrx_word' id='word_1_334' title='bbox 1184 3994 1326 4053; x_wconf 86' lang='lat' dir='ltr'><strong><em>Burchar·</em></strong></span> <span class='ocrx_word' id='word_1_335' title='bbox 1369 4015 1440 4053; x_wconf 88' lang='lat' dir='ltr'><strong><em>cuus</em></strong></span> <span class='ocrx_word' id='word_1_336' title='bbox 1461 4005 1514 4054; x_wconf 86' lang='lat' dir='ltr'><strong><em>est.</em></strong></span> <span class='ocrx_word' id='word_1_337' title='bbox 1557 3996 1653 4070; x_wconf 78' lang='lat' dir='ltr'><strong><em>Quam</em></strong></span> <span class='ocrx_word' id='word_1_338' title='bbox 1676 4001 1779 4058; x_wconf 90' lang='lat' dir='ltr'><strong><em>iniuria</em></strong></span> <span class='ocrx_word' id='word_1_339' title='bbox 1800 4001 1827 4059; x_wconf 87' lang='lat' dir='ltr'><strong><em>ei</em></strong></span> <span class='ocrx_word' id='word_1_340' title='bbox 1848 4003 1972 4080; x_wconf 87' lang='lat' dir='ltr'><strong><em>imputat</em></strong></span> <span class='ocrx_word' id='word_1_341' title='bbox 1987 4001 2186 4064; x_wconf 83' lang='lat' dir='ltr'><strong><em>Robinsonus.</em></strong></span> 
     </span>
     <span class='ocr_line' id='line_1_29' title="bbox 510 4092 2187 4178; baseline 0.005 -26"><span class='ocrx_word' id='word_1_342' title='bbox 510 4092 574 4152; x_wconf 90' lang='lat' dir='ltr'><strong><em>dus.</em></strong></span> <span class='ocrx_word' id='word_1_343' title='bbox 610 4093 670 4153; x_wconf 84' lang='lat' dir='ltr'><strong><em>Sed</em></strong></span> <span class='ocrx_word' id='word_1_344' title='bbox 691 4092 769 4153; x_wconf 89' lang='lat' dir='ltr'><strong><em>idem</em></strong></span> <span class='ocrx_word' id='word_1_345' title='bbox 791 4095 823 4166; x_wconf 91' lang='lat' dir='ltr'><strong><em>si,</em></strong></span> <span class='ocrx_word' id='word_1_346' title='bbox 843 4093 921 4174; x_wconf 88' lang='lat' dir='ltr'><strong><em>quod</em></strong></span> <span class='ocrx_word' id='word_1_347' title='bbox 943 4114 1008 4152; x_wconf 89' lang='lat' dir='ltr'><strong><em>eum</em></strong></span> <span class='ocrx_word' id='word_1_348' title='bbox 1031 4093 1134 4153; x_wconf 87' lang='lat' dir='ltr'><strong><em>fecisse</em></strong></span> <span class='ocrx_word' id='word_1_349' title='bbox 1156 4113 1327 4173; x_wconf 85' lang='lat' dir='ltr'><strong><em>persuasum</em></strong></span> <span class='ocrx_word' id='word_1_350' title='bbox 1369 4093 1489 4152; x_wconf 86' lang='lat' dir='ltr'><strong><em>Minime</em></strong></span> <span class='ocrx_word' id='word_1_351' title='bbox 1515 4098 1591 4154; x_wconf 88' lang='lat' dir='ltr'><strong><em>enim</em></strong></span> <span class='ocrx_word' id='word_1_352' title='bbox 1613 4098 1813 4169; x_wconf 85' lang='lat' dir='ltr'><strong><em>Burcbardus,</em></strong></span> <span class='ocrx_word' id='word_1_353' title='bbox 1844 4101 1894 4178; x_wconf 90' lang='lat' dir='ltr'><strong><em>qui</em></strong></span> <span class='ocrx_word' id='word_1_354' title='bbox 1913 4099 1941 4160; x_wconf 91' lang='lat' dir='ltr'><strong><em>h.</em></strong></span> <span class='ocrx_word' id='word_1_355' title='bbox 1964 4100 1983 4160; x_wconf 90' lang='lat' dir='ltr'><strong><em>l.</em></strong></span> <span class='ocrx_word' id='word_1_356' title='bbox 2010 4120 2117 4159; x_wconf 84' lang='lat' dir='ltr'><strong><em>novem</em></strong></span> <span class='ocrx_word' id='word_1_357' title='bbox 2139 4122 2187 4161; x_wconf 88' lang='lat' dir='ltr'><strong><em>ur·</em></strong></span> 
     </span>
     <span class='ocr_line' id='line_1_30' title="bbox 510 4192 2187 4272; baseline 0.005 -21"><span class='ocrx_word' id='word_1_358' title='bbox 510 4192 666 4265; x_wconf 85' lang='lat' dir='ltr'><strong><em>habemus,</em></strong></span> <span class='ocrx_word' id='word_1_359' title='bbox 693 4195 808 4272; x_wconf 89' lang='lat' dir='ltr'><strong><em>scripsit</em></strong></span> <span class='ocrx_word' id='word_1_360' title='bbox 837 4196 913 4253; x_wconf 86' lang='lat' dir='ltr'><strong><em>circa</em></strong></span> <span class='ocrx_word' id='word_1_361' title='bbox 934 4213 1042 4251; x_wconf 89' lang='lat' dir='ltr'><strong><em>annum</em></strong></span> <span class='ocrx_word' id='word_1_362' title='bbox 1069 4198 1159 4261; x_wconf 82' lang='grc'>1283.</span> <span class='ocrx_word' id='word_1_363' title='bbox 1187 4194 1204 4253; x_wconf 88' lang='lat' dir='ltr'><strong><em>i.</em></strong></span> <span class='ocrx_word' id='word_1_364' title='bbox 1228 4213 1253 4252; x_wconf 89' lang='lat' dir='ltr'><strong><em>e.</em></strong></span> <span class='ocrx_word' id='word_1_365' title='bbox 1276 4214 1326 4251; x_wconf 91' lang='lat' dir='ltr'><strong><em>an·</em></strong></span> <span class='ocrx_word' id='word_1_366' title='bbox 1369 4192 1420 4250; x_wconf 89' lang='lat' dir='ltr'><strong><em>bes</em></strong></span> <span class='ocrx_word' id='word_1_367' title='bbox 1443 4193 1673 4254; x_wconf 90' lang='lat' dir='ltr'><strong><em>cisiordanensss</em></strong></span> <span class='ocrx_word' id='word_1_368' title='bbox 1694 4208 1914 4271; x_wconf 88' lang='lat' dir='ltr'><strong><em>commemorat,</em></strong></span> <span class='ocrx_word' id='word_1_369' title='bbox 1940 4197 2084 4259; x_wconf 82' lang='lat' dir='ltr'><strong><em>decimam</em></strong></span> <span class='ocrx_word' id='word_1_370' title='bbox 2104 4209 2187 4261; x_wconf 68' lang='lat' dir='ltr'><strong><em>maus</em></strong></span> 
     </span>
     <span class='ocr_line' id='line_1_31' title="bbox 509 4290 2186 4375; baseline 0.007 -27"><span class='ocrx_word' id='word_1_371' title='bbox 509 4311 564 4349; x_wconf 92' lang='lat' dir='ltr'><strong><em>nos</em></strong></span> <span class='ocrx_word' id='word_1_372' title='bbox 587 4298 624 4351; x_wconf 91' lang='grc'><strong><em>43</em></strong></span> <span class='ocrx_word' id='word_1_373' title='bbox 648 4303 716 4370; x_wconf 88' lang='lat' dir='ltr'><strong><em>post</em></strong></span> <span class='ocrx_word' id='word_1_374' title='bbox 738 4292 848 4351; x_wconf 91' lang='lat' dir='ltr'><strong><em>obitum</em></strong></span> <span class='ocrx_word' id='word_1_375' title='bbox 867 4291 969 4353; x_wconf 84' lang='lat' dir='ltr'><strong><em>lucebi</em></strong></span> <span class='ocrx_word' id='word_1_376' title='bbox 991 4291 1028 4351; x_wconf 89' lang='lat' dir='ltr'><strong><em>dc</em></strong></span> <span class='ocrx_word' id='word_1_377' title='bbox 1050 4292 1194 4364; x_wconf 85' lang='lat' dir='ltr'><strong><em>Vitriaco,</em></strong></span> <span class='ocrx_word' id='word_1_378' title='bbox 1214 4295 1264 4373; x_wconf 92' lang='lat' dir='ltr'><strong><em>qui</em></strong></span> <span class='ocrx_word' id='word_1_379' title='bbox 1285 4294 1326 4350; x_wconf 94' lang='lat' dir='ltr'><strong><em>in·</em></strong></span> <span class='ocrx_word' id='word_1_380' title='bbox 1368 4290 1525 4351; x_wconf 84' lang='lat' dir='ltr'><strong><em>Iordanem</em></strong></span> <span class='ocrx_word' id='word_1_381' title='bbox 1554 4296 1679 4372; x_wconf 86' lang='lat' dir='ltr'><strong><em>positam</em></strong></span> <span class='ocrx_word' id='word_1_382' title='bbox 1700 4298 1826 4374; x_wconf 86' lang='lat' dir='ltr'><strong><em>putavit,</em></strong></span> <span class='ocrx_word' id='word_1_383' title='bbox 1855 4299 1937 4375; x_wconf 87' lang='lat' dir='ltr'><strong><em>quasi</em></strong></span> <span class='ocrx_word' id='word_1_384' title='bbox 1964 4300 2088 4357; x_wconf 86' lang='lat' dir='ltr'><strong><em>nesciret</em></strong></span> <span class='ocrx_word' id='word_1_385' title='bbox 2111 4297 2186 4359; x_wconf 83' lang='lat' dir='ltr'><strong><em>duas</em></strong></span> 
     </span>
     <span class='ocr_line' id='line_1_32' title="bbox 516 4388 2185 4470; baseline 0.007 -24"><span class='ocrx_word' id='word_1_386' title='bbox 516 4388 586 4447; x_wconf 89' lang='lat' dir='ltr'><strong><em>cidit</em></strong></span> <span class='ocrx_word' id='word_1_387' title='bbox 616 4391 646 4447; x_wconf 88' lang='lat' dir='ltr'><strong><em>in</em></strong></span> <span class='ocrx_word' id='word_1_388' title='bbox 673 4411 782 4449; x_wconf 89' lang='lat' dir='ltr'><strong><em>annum</em></strong></span> <span class='ocrx_word' id='word_1_389' title='bbox 808 4396 900 4462; x_wconf 86' lang='grc'><strong>1240,</strong></span> <span class='ocrx_word' id='word_1_390' title='bbox 932 4412 992 4450; x_wconf 91' lang='lat' dir='ltr'><strong><em>non</em></strong></span> <span class='ocrx_word' id='word_1_391' title='bbox 1021 4401 1066 4450; x_wconf 87' lang='lat' dir='ltr'><strong><em>est</em></strong></span> <span class='ocrx_word' id='word_1_392' title='bbox 1092 4392 1170 4470; x_wconf 91' lang='lat' dir='ltr'><strong><em>quod</em></strong></span> <span class='ocrx_word' id='word_1_393' title='bbox 1192 4393 1328 4451; x_wconf 87' lang='lat' dir='ltr'><strong><em>miremur</em></strong></span> <span class='ocrx_word' id='word_1_394' title='bbox 1370 4389 1460 4449; x_wconf 83' lang='lat' dir='ltr'><strong><em>fuisse</em></strong></span> <span class='ocrx_word' id='word_1_395' title='bbox 1482 4392 1613 4452; x_wconf 87' lang='lat' dir='ltr'><strong><em>eiusdem</em></strong></span> <span class='ocrx_word' id='word_1_396' title='bbox 1635 4397 1760 4454; x_wconf 89' lang='lat' dir='ltr'><strong><em>nominis</em></strong></span> <span class='ocrx_word' id='word_1_397' title='bbox 1781 4395 1877 4467; x_wconf 90' lang='lat' dir='ltr'><strong><em>urbes,</em></strong></span> <span class='ocrx_word' id='word_1_398' title='bbox 1900 4395 1952 4455; x_wconf 92' lang='lat' dir='ltr'><strong><em>sed</em></strong></span> <span class='ocrx_word' id='word_1_399' title='bbox 1974 4397 2107 4456; x_wconf 81' lang='lat' dir='ltr'><strong><em>librarius</em></strong></span> <span class='ocrx_word' id='word_1_400' title='bbox 2130 4408 2185 4470; x_wconf 89' lang='lat' dir='ltr'><strong><em>est,</em></strong></span> 
     </span>
     <span class='ocr_line' id='line_1_33' title="bbox 511 4487 2185 4575; baseline 0.005 -28"><span class='ocrx_word' id='word_1_401' title='bbox 511 4508 579 4547; x_wconf 88' lang='lat' dir='ltr'><strong><em>eum</em></strong></span> <span class='ocrx_word' id='word_1_402' title='bbox 612 4509 680 4547; x_wconf 89' lang='lat' dir='ltr'><strong><em>casu</em></strong></span> <span class='ocrx_word' id='word_1_403' title='bbox 716 4489 831 4568; x_wconf 89' lang='lat' dir='ltr'><strong><em>lapsum</em></strong></span> <span class='ocrx_word' id='word_1_404' title='bbox 860 4492 970 4548; x_wconf 82' lang='lat' dir='ltr'><strong><em>auctori</em></strong></span> <span class='ocrx_word' id='word_1_405' title='bbox 1003 4511 1055 4549; x_wconf 88' lang='lat' dir='ltr'><strong><em>suo</em></strong></span> <span class='ocrx_word' id='word_1_406' title='bbox 1083 4490 1237 4562; x_wconf 83' lang='lat' dir='ltr'><strong><em>honorem,</em></strong></span> <span class='ocrx_word' id='word_1_407' title='bbox 1269 4511 1327 4571; x_wconf 89' lang='lat' dir='ltr'><strong><em>quo</em></strong></span> <span class='ocrx_word' id='word_1_408' title='bbox 1370 4489 1418 4567; x_wconf 90' lang='lat' dir='ltr'><strong><em>qui</em></strong></span> <span class='ocrx_word' id='word_1_409' title='bbox 1441 4487 1550 4567; x_wconf 85' lang='lat' dir='ltr'><strong><em>duplici</em></strong></span> <span class='ocrx_word' id='word_1_410' title='bbox 1572 4492 1672 4573; x_wconf 84' lang='lat' dir='ltr'><strong><em>lapsus</em></strong></span> <span class='ocrx_word' id='word_1_411' title='bbox 1693 4514 1789 4552; x_wconf 88' lang='lat' dir='ltr'><strong><em>errore</em></strong></span> <span class='ocrx_word' id='word_1_412' title='bbox 1812 4505 1840 4552; x_wconf 88' lang='lat' dir='ltr'><strong><em>et</em></strong></span> <span class='ocrx_word' id='word_1_413' title='bbox 1860 4495 1989 4572; x_wconf 86' lang='lat' dir='ltr'><strong><em>glossam</em></strong></span> <span class='ocrx_word' id='word_1_414' title='bbox 2010 4516 2063 4575; x_wconf 89' lang='lat' dir='ltr'><strong><em>per</em></strong></span> <span class='ocrx_word' id='word_1_415' title='bbox 2085 4517 2118 4556; x_wconf 91' lang='lat' dir='ltr'><strong><em>se</em></strong></span> <span class='ocrx_word' id='word_1_416' title='bbox 2132 4497 2185 4556; x_wconf 84' lang='lat' dir='ltr'><strong><em>fal·</em></strong></span> 
     </span>
     <span class='ocr_line' id='line_1_34' title="bbox 511 4587 2086 4669; baseline 0.005 -25"><span class='ocrx_word' id='word_1_417' title='bbox 511 4606 661 4666; x_wconf 89' lang='lat' dir='ltr'><strong><em>nunquam</em></strong></span> <span class='ocrx_word' id='word_1_418' title='bbox 684 4587 800 4646; x_wconf 89' lang='lat' dir='ltr'><strong><em>functus</em></strong></span> <span class='ocrx_word' id='word_1_419' title='bbox 822 4599 898 4661; x_wconf 89' lang='lat' dir='ltr'><strong><em>erat,</em></strong></span> <span class='ocrx_word' id='word_1_420' title='bbox 925 4588 1090 4650; x_wconf 86' lang='lat' dir='ltr'><strong><em>attribuere.</em></strong></span> <span class='ocrx_word' id='word_1_421' title='bbox 1133 4591 1269 4669; x_wconf 90' lang='lat' dir='ltr'><strong><em>Denique</em></strong></span> <span class='ocrx_word' id='word_1_422' title='bbox 1291 4591 1328 4649; x_wconf 84' lang='lat' dir='ltr'><strong><em>cf.</em></strong></span> <span class='ocrx_word' id='word_1_423' title='bbox 1370 4607 1433 4645; x_wconf 88' lang='lat' dir='ltr'><strong><em>sam</em></strong></span> <span class='ocrx_word' id='word_1_424' title='bbox 1454 4589 1529 4660; x_wconf 87' lang='lat' dir='ltr'><strong><em>iecit,</em></strong></span> <span class='ocrx_word' id='word_1_425' title='bbox 1548 4601 1577 4649; x_wconf 90' lang='lat' dir='ltr'><strong><em>et</em></strong></span> <span class='ocrx_word' id='word_1_426' title='bbox 1596 4593 1670 4650; x_wconf 85' lang='lat' dir='ltr'><strong><em>falso</em></strong></span> <span class='ocrx_word' id='word_1_427' title='bbox 1693 4592 1816 4652; x_wconf 83' lang='lat' dir='ltr'><strong><em>eandem</em></strong></span> <span class='ocrx_word' id='word_1_428' title='bbox 1836 4593 1901 4652; x_wconf 93' lang='lat' dir='ltr'><strong><em>loco</em></strong></span> <span class='ocrx_word' id='word_1_429' title='bbox 1923 4592 2086 4652; x_wconf 84' lang='lat' dir='ltr'><strong><em>inculcavit</em></strong></span> 
     </span>
    </p>
   </div>
   <div class='ocr_carea' id='block_1_5' title="bbox 511 4685 2026 4894">
    <p class='ocr_par' dir='ltr' id='par_1_8' title="bbox 511 4685 2026 4894">
     <span class='ocr_line' id='line_1_35' title="bbox 511 4685 2026 4782; baseline 0.014 -41"><span class='ocrx_word' id='word_1_430' title='bbox 511 4703 587 4763; x_wconf 85' lang='lat' dir='ltr'><strong><em>qnae</em></strong></span> <span class='ocrx_word' id='word_1_431' title='bbox 610 4686 685 4743; x_wconf 89' lang='lat' dir='ltr'><strong><em>infra</em></strong></span> <span class='ocrx_word' id='word_1_432' title='bbox 706 4685 745 4744; x_wconf 87' lang='lat' dir='ltr'><strong><em>ad</em></strong></span> <span class='ocrx_word' id='word_1_433' title='bbox 769 4687 858 4746; x_wconf 83' lang='lat' dir='ltr'>VIII.</span> <span class='ocrx_word' id='word_1_434' title='bbox 882 4697 899 4747; x_wconf 88' lang='grc'><strong>4</strong></span> <span class='ocrx_word' id='word_1_435' title='bbox 922 4689 1136 4746; x_wconf 83' lang='lat' dir='ltr'><strong><em>annotavimus.</em></strong></span> <span class='ocrx_word' id='word_1_436' title='bbox 1433 4709 1504 4779; x_wconf 79' lang='lat'>284)</span> <span class='ocrx_word' id='word_1_437' title='bbox 1526 4716 1558 4764; x_wconf 67' lang='lat' dir='ltr'><strong><em>ut</em></strong></span> <span class='ocrx_word' id='word_1_438' title='bbox 1579 4726 1673 4782; x_wconf 63' lang='lat' dir='ltr'><strong><em>supra</em></strong></span> <span class='ocrx_word' id='word_1_439' title='bbox 1696 4707 1803 4765; x_wconf 72' lang='lat' dir='ltr'><strong><em>dictum</em></strong></span> <span class='ocrx_word' id='word_1_440' title='bbox 1827 4707 1879 4782; x_wconf 72' lang='lat' dir='ltr'><strong><em>est]</em></strong></span> <span class='ocrx_word' id='word_1_441' title='bbox 1900 4705 1955 4767; x_wconf 84' lang='lat' dir='ltr'><strong><em>IV.</em></strong></span> <span class='ocrx_word' id='word_1_442' title='bbox 1983 4715 2026 4769; x_wconf 81' lang='lat'><strong><em>19.</em></strong></span> 
     </span>
     <span class='ocr_line' id='line_1_36' title="bbox 575 4784 1505 4894; baseline 0.01 -52"><span class='ocrx_word' id='word_1_443' title='bbox 575 4786 646 4855; x_wconf 89' lang='grc'>281)</span> <span class='ocrx_word' id='word_1_444' title='bbox 669 4785 699 4841; x_wconf 84' lang='lat' dir='ltr'><strong><em>ia</em></strong></span> <span class='ocrx_word' id='word_1_445' title='bbox 722 4784 798 4842; x_wconf 85' lang='lat' dir='ltr'><strong><em>libro</em></strong></span> <span class='ocrx_word' id='word_1_446' title='bbox 825 4806 878 4842; x_wconf 86' lang='lat' dir='ltr'><strong><em>suo</em></strong></span> <span class='ocrx_word' id='word_1_447' title='bbox 899 4806 981 4863; x_wconf 78' lang='lat' dir='ltr'><strong><em>quem</em></strong></span> <span class='ocrx_word' id='word_1_448' title='bbox 1002 4819 1043 4828; x_wconf 93' lang='lat'><em>-</em></span> <span class='ocrx_word' id='word_1_449' title='bbox 1057 4787 1148 4863; x_wconf 84' lang='lat' dir='ltr'><strong><em>fecit]</em></strong></span> <span class='ocrx_word' id='word_1_450' title='bbox 1179 4786 1215 4844; x_wconf 89' lang='lat' dir='ltr'><strong><em>V.</em></strong></span> <span class='ocrx_word' id='word_1_451' title='bbox 1236 4786 1328 4848; x_wconf 86' lang='lat' dir='ltr'><strong><em>Gesta</em></strong></span> <span class='ocrx_word' id='word_1_452' title='bbox 1433 4822 1505 4894; x_wconf 70' lang='lat'>235)</span> 
     </span>
    </p>
   </div>
   <div class='ocr_carea' id='block_1_6' title="bbox 510 4881 2188 5359">
    <p class='ocr_par' dir='ltr' id='par_1_9' title="bbox 510 4881 2188 5096">
     <span class='ocr_line' id='line_1_37' title="bbox 511 4881 2188 5003; baseline 0.01 -35"><span class='ocrx_word' id='word_1_453' title='bbox 511 4881 691 4994; x_wconf 31' lang='lat' dir='ltr'><strong><em>*animum</em></strong></span> <span class='ocrx_word' id='word_1_454' title='bbox 712 4905 740 4995; x_wconf 85' lang='grc' dir='ltr'>Ρ</span> <span class='ocrx_word' id='word_1_455' title='bbox 763 4889 852 4997; x_wconf 34' lang='lat'><strong>‘¹⁰74&#39;</strong></span> <span class='ocrx_word' id='word_1_456' title='bbox 895 4884 1000 4998; x_wconf 41' lang='lat' dir='ltr'><strong><em>lambi.</em></strong></span> <span class='ocrx_word' id='word_1_457' title='bbox 1019 4884 1056 4944; x_wconf 52' lang='lat' dir='ltr'><strong><em>de</em></strong></span> <span class='ocrx_word' id='word_1_458' title='bbox 1078 4885 1207 4998; x_wconf 60' lang='lat' dir='ltr'><strong><em>ViVif‘oe</em></strong></span> <span class='ocrx_word' id='word_1_459' title='bbox 1228 4886 1326 4945; x_wconf 73' lang='lat' dir='ltr'><strong>ffi⁸¹⁰&#39;</strong></span> <span class='ocrx_word' id='word_1_460' title='bbox 1367 4919 1516 4997; x_wconf 88' lang='lat' dir='ltr'><strong><em>planicies,</em></strong></span> <span class='ocrx_word' id='word_1_461' title='bbox 1538 4920 1632 4981; x_wconf 83' lang='lat' dir='ltr'><strong><em>vallis.</em></strong></span> <span class='ocrx_word' id='word_1_462' title='bbox 1665 4921 1817 4980; x_wconf 80' lang='lat' dir='ltr'><strong><em>El-Bakar</em></strong></span> <span class='ocrx_word' id='word_1_463' title='bbox 1836 4933 1881 4982; x_wconf 88' lang='lat' dir='ltr'><strong><em>est</em></strong></span> <span class='ocrx_word' id='word_1_464' title='bbox 1901 4923 1997 4982; x_wconf 89' lang='lat' dir='ltr'><strong><em>insula</em></strong></span> <span class='ocrx_word' id='word_1_465' title='bbox 2010 4944 2102 5003; x_wconf 90' lang='lat' dir='ltr'><strong><em>prope</em></strong></span> <span class='ocrx_word' id='word_1_466' title='bbox 2120 4925 2188 4985; x_wconf 84' lang='lat' dir='ltr'><strong><em>&#39;Pri-</em></strong></span> 
     </span>
     <span class='ocr_line' id='line_1_38' title="bbox 510 4980 1897 5096; baseline 0.009 -59"><span class='ocrx_word' id='word_1_467' title='bbox 510 5000 584 5038; x_wconf 85' lang='lat' dir='ltr'><strong><em>nam</em></strong></span> <span class='ocrx_word' id='word_1_468' title='bbox 595 4980 870 5042; x_wconf 79' lang='lat' dir='ltr'><strong><em>iherosolrmrtsnam</em></strong></span> <span class='ocrx_word' id='word_1_469' title='bbox 880 4983 1080 5043; x_wconf 78' lang='lat' dir='ltr'><strong><em>abbreviatam</em></strong></span> <span class='ocrx_word' id='word_1_470' title='bbox 1094 4993 1188 5063; x_wconf 81' lang='lat' dir='ltr'><strong><em>capite</em></strong></span> <span class='ocrx_word' id='word_1_471' title='bbox 1198 4984 1325 5045; x_wconf 86' lang='lat' dir='ltr'>XLVII.</span> <span class='ocrx_word' id='word_1_472' title='bbox 1366 5017 1469 5096; x_wconf 51' lang='lat' dir='ltr'>polim:</span> <span class='ocrx_word' id='word_1_473' title='bbox 1489 5040 1515 5078; x_wconf 37' lang='lat' dir='ltr'><strong><em>v·</em></strong></span> <span class='ocrx_word' id='word_1_474' title='bbox 1536 5018 1631 5077; x_wconf 49' lang='grc' dir='ltr'><strong><em>ΒΜ</em></strong></span> <span class='ocrx_word' id='word_1_475' title='bbox 1650 5018 1744 5080; x_wconf 74' lang='lat' dir='ltr'><strong><em>XVH</em></strong></span> <span class='ocrx_word' id='word_1_476' title='bbox 1765 5023 1807 5092; x_wconf 69' lang='grc'><strong><em>(1)</em></strong></span> <span class='ocrx_word' id='word_1_477' title='bbox 1839 5026 1897 5082; x_wconf 69' lang='grc'><strong><em>619</em></strong></span> 
     </span>
    </p>

    <p class='ocr_par' dir='ltr' id='par_1_10' title="bbox 512 5068 1906 5359">
     <span class='ocr_line' id='line_1_39' title="bbox 577 5068 1906 5162; baseline 0.009 -24"><span class='ocrx_word' id='word_1_478' title='bbox 577 5081 647 5151; x_wconf 89' lang='grc'>282)</span> <span class='ocrx_word' id='word_1_479' title='bbox 681 5081 745 5145; x_wconf 80' lang='lat' dir='ltr'><strong><em>Qus</em></strong></span> <span class='ocrx_word' id='word_1_480' title='bbox 774 5083 850 5158; x_wconf 80' lang='lat' dir='ltr'><strong><em>suot]</em></strong></span> <span class='ocrx_word' id='word_1_481' title='bbox 890 5081 1062 5162; x_wconf 86' lang='lat' dir='ltr'><strong><em>Scythopoli</em></strong></span> <span class='ocrx_word' id='word_1_482' title='bbox 1097 5092 1219 5162; x_wconf 84' lang='lat' dir='ltr'><strong><em>excepto</em></strong></span> <span class='ocrx_word' id='word_1_483' title='bbox 1252 5085 1324 5145; x_wconf 89' lang='lat' dir='ltr'><strong><em>alias</em></strong></span> <span class='ocrx_word' id='word_1_484' title='bbox 1811 5068 1817 5080; x_wconf 48' lang='lat'><strong>⁹</strong></span> <span class='ocrx_word' id='word_1_485' title='bbox 1900 5069 1906 5082; x_wconf 89' lang='lat'><strong><em>.</em></strong></span> 
     </span>
     <span class='ocr_line' id='line_1_40' title="bbox 512 5178 1326 5258; baseline 0.01 -23"><span class='ocrx_word' id='word_1_486' title='bbox 512 5178 601 5258; x_wconf 86' lang='lat' dir='ltr'><strong><em>plane</em></strong></span> <span class='ocrx_word' id='word_1_487' title='bbox 621 5178 707 5236; x_wconf 86' lang='lat' dir='ltr'><strong><em>urbes</em></strong></span> <span class='ocrx_word' id='word_1_488' title='bbox 735 5190 942 5239; x_wconf 86' lang='lat' dir='ltr'><strong><em>commemorat</em></strong></span> <span class='ocrx_word' id='word_1_489' title='bbox 963 5181 1075 5239; x_wconf 87' lang='lat' dir='ltr'><strong><em>Plinius</em></strong></span> <span class='ocrx_word' id='word_1_490' title='bbox 1097 5181 1136 5241; x_wconf 90' lang='grc' dir='ltr'><strong><em>Η.</em></strong></span> <span class='ocrx_word' id='word_1_491' title='bbox 1159 5182 1195 5241; x_wconf 88' lang='grc' dir='ltr'><strong><em>Ν.</em></strong></span> <span class='ocrx_word' id='word_1_492' title='bbox 1219 5181 1256 5241; x_wconf 92' lang='lat' dir='ltr'><strong><em>V.</em></strong></span> <span class='ocrx_word' id='word_1_493' title='bbox 1282 5189 1326 5243; x_wconf 87' lang='grc'><strong><em>16.</em></strong></span> 
     </span>
     <span class='ocr_line' id='line_1_41' title="bbox 512 5276 1327 5359; baseline 0.007 -25"><span class='ocrx_word' id='word_1_494' title='bbox 512 5276 550 5337; x_wconf 91' lang='lat' dir='ltr'><strong><em>V.</em></strong></span> <span class='ocrx_word' id='word_1_495' title='bbox 572 5298 601 5336; x_wconf 84' lang='lat' dir='ltr'><strong><em>v.</em></strong></span> <span class='ocrx_word' id='word_1_496' title='bbox 624 5277 751 5335; x_wconf 74' lang='lat' dir='ltr'><strong><em>liaumer</em></strong></span> <span class='ocrx_word' id='word_1_497' title='bbox 772 5299 800 5356; x_wconf 93' lang='lat' dir='ltr'><strong><em>p.</em></strong></span> <span class='ocrx_word' id='word_1_498' title='bbox 824 5281 892 5337; x_wconf 88' lang='grc'>212.</span> <span class='ocrx_word' id='word_1_499' title='bbox 926 5280 1072 5359; x_wconf 90' lang='lat' dir='ltr'><strong><em>Imprimis</em></strong></span> <span class='ocrx_word' id='word_1_500' title='bbox 1094 5291 1191 5340; x_wconf 87' lang='lat' dir='ltr'><strong><em>autem</em></strong></span> <span class='ocrx_word' id='word_1_501' title='bbox 1213 5282 1251 5340; x_wconf 86' lang='lat' dir='ltr'><strong><em>cf.</em></strong></span> <span class='ocrx_word' id='word_1_502' title='bbox 1270 5281 1327 5340; x_wconf 87' lang='lat' dir='ltr'><strong><em>Ro-</em></strong></span> 
     </span>
    </p>
   </div>
   <div class='ocr_carea' id='block_1_7' title="bbox 1526 4823 2185 4899">
    <p class='ocr_par' dir='ltr' id='par_1_11' title="bbox 1526 4823 2185 4899">
     <span class='ocr_line' id='line_1_42' title="bbox 1526 4823 2185 4899; baseline 0.012 -21"><span class='ocrx_word' id='word_1_503' title='bbox 1526 4841 1580 4898; x_wconf 82' lang='lat' dir='ltr'><strong><em>que</em></strong></span> <span class='ocrx_word' id='word_1_504' title='bbox 1603 4823 1713 4879; x_wconf 85' lang='lat' dir='ltr'><strong><em>dicitur</em></strong></span> <span class='ocrx_word' id='word_1_505' title='bbox 1735 4823 1848 4899; x_wconf 80' lang='lat' dir='ltr'><strong><em>Balcar]</em></strong></span> <span class='ocrx_word' id='word_1_506' title='bbox 1879 4843 1956 4882; x_wconf 89' lang='lat' dir='ltr'><strong><em>nune</em></strong></span> <span class='ocrx_word' id='word_1_507' title='bbox 1978 4823 2090 4883; x_wconf 75' lang='lat' dir='ltr'><strong><em>Bekis&#39;a</em></strong></span> <span class='ocrx_word' id='word_1_508' title='bbox 2117 4826 2136 4886; x_wconf 88' lang='lat' dir='ltr'><strong><em>i.</em></strong></span> <span class='ocrx_word' id='word_1_509' title='bbox 2159 4848 2185 4887; x_wconf 92' lang='lat' dir='ltr'><strong><em>e.</em></strong></span> 
     </span>
    </p>
   </div>
   <div class='ocr_carea' id='block_1_8' title="bbox 1370 5133 2187 5315">
    <p class='ocr_par' dir='ltr' id='par_1_12' title="bbox 1370 5133 2187 5315">
     <span class='ocr_line' id='line_1_43' title="bbox 1430 5133 2185 5217; baseline 0.005 -24"><span class='ocrx_word' id='word_1_510' title='bbox 1430 5137 1501 5205; x_wconf 84' lang='grc'>286)</span> <span class='ocrx_word' id='word_1_511' title='bbox 1524 5134 1666 5209; x_wconf 78' lang='lat' dir='ltr'><strong><em>Sephoro]</em></strong></span> <span class='ocrx_word' id='word_1_512' title='bbox 1685 5133 1847 5215; x_wconf 86' lang='lat' dir='ltr'><strong><em>Sepphoris</em></strong></span> <span class='ocrx_word' id='word_1_513' title='bbox 1867 5138 1995 5217; x_wconf 76' lang='lat' dir='ltr'><strong><em>armique,</em></strong></span> <span class='ocrx_word' id='word_1_514' title='bbox 2016 5155 2119 5195; x_wconf 88' lang='lat' dir='ltr'><strong><em>recens</em></strong></span> <span class='ocrx_word' id='word_1_515' title='bbox 2133 5134 2185 5197; x_wconf 86' lang='lat' dir='ltr'><strong><em>Se-</em></strong></span> 
     </span>
     <span class='ocr_line' id='line_1_44' title="bbox 1370 5231 2187 5315; baseline 0.007 -26"><span class='ocrx_word' id='word_1_516' title='bbox 1370 5231 1477 5291; x_wconf 80' lang='lat' dir='ltr'><strong><em>iirrieh:</em></strong></span> <span class='ocrx_word' id='word_1_517' title='bbox 1500 5254 1527 5292; x_wconf 90' lang='lat' dir='ltr'><strong><em>v.</em></strong></span> <span class='ocrx_word' id='word_1_518' title='bbox 1549 5231 1701 5291; x_wconf 88' lang='lat' dir='ltr'><strong><em>Robinson</em></strong></span> <span class='ocrx_word' id='word_1_519' title='bbox 1721 5233 1784 5291; x_wconf 86' lang='lat' dir='ltr'><strong><em>Pal.</em></strong></span> <span class='ocrx_word' id='word_1_520' title='bbox 1807 5234 1863 5293; x_wconf 88' lang='lat' dir='ltr'><strong><em>III.</em></strong></span> <span class='ocrx_word' id='word_1_521' title='bbox 1888 5239 1946 5295; x_wconf 88' lang='grc'><strong><em>440</em></strong></span> <span class='ocrx_word' id='word_1_522' title='bbox 1969 5255 2041 5315; x_wconf 64' lang='lat' dir='ltr'><strong><em>sqq,</em></strong></span> <span class='ocrx_word' id='word_1_523' title='bbox 2063 5256 2090 5292; x_wconf 88' lang='lat' dir='ltr'><strong><em>v.</em></strong></span> <span class='ocrx_word' id='word_1_524' title='bbox 2108 5234 2187 5295; x_wconf 87' lang='lat' dir='ltr'><strong><em>Rau·</em></strong></span> 
     </span>
    </p>
   </div>
   <div class='ocr_carea' id='block_1_9' title="bbox 513 5335 2168 5552">
    <p class='ocr_par' dir='ltr' id='par_1_13' title="bbox 513 5335 2168 5552">
     <span class='ocr_line' id='line_1_45' title="bbox 513 5335 1630 5457; baseline 0.004 -4"><span class='ocrx_word' id='word_1_525' title='bbox 513 5376 669 5435; x_wconf 73' lang='lat' dir='ltr'><strong><em>bi¹¹⁸⁰¹¹¹¹¹¹¹</em></strong></span> <span class='ocrx_word' id='word_1_526' title='bbox 692 5376 717 5433; x_wconf 85' lang='lat' dir='ltr'>P</span> <span class='ocrx_word' id='word_1_527' title='bbox 719 5375 757 5434; x_wconf 73' lang='lat'><strong><em>³1·</em></strong></span> <span class='ocrx_word' id='word_1_528' title='bbox 771 5377 828 5435; x_wconf 84' lang='lat' dir='ltr'>III·</span> <span class='ocrx_word' id='word_1_529' title='bbox 853 5382 910 5438; x_wconf 82' lang='lat'><strong><em>586</em></strong></span> <span class='ocrx_word' id='word_1_530' title='bbox 934 5388 1004 5436; x_wconf 89' lang='lat' dir='ltr'><strong><em>nota</em></strong></span> <span class='ocrx_word' id='word_1_531' title='bbox 1023 5380 1055 5439; x_wconf 88' lang='lat'><strong><em>11</em></strong></span> <span class='ocrx_word' id='word_1_532' title='bbox 1075 5378 1328 5438; x_wconf 85' lang='lat' dir='ltr'><strong><em>buncBurcbardi</em></strong></span> <span class='ocrx_word' id='word_1_533' title='bbox 1370 5351 1432 5389; x_wconf 61' lang='lat' dir='ltr'><strong><em>mer</em></strong></span> <span class='ocrx_word' id='word_1_534' title='bbox 1452 5353 1481 5411; x_wconf 60' lang='grc' dir='ltr'>Ρ</span> <span class='ocrx_word' id='word_1_535' title='bbox 1508 5335 1572 5391; x_wconf 51' lang='grc' dir='ltr'><strong><em>Μ’</em></strong></span> <span class='ocrx_word' id='word_1_536' title='bbox 1625 5447 1630 5457; x_wconf 96' lang='grc'>.</span> 
     </span>
     <span class='ocr_line' id='line_1_46' title="bbox 513 5444 2168 5552; baseline -0.021 -19"><span class='ocrx_word' id='word_1_537' title='bbox 513 5473 611 5533; x_wconf 90' lang='lat' dir='ltr'><strong><em>locum</em></strong></span> <span class='ocrx_word' id='word_1_538' title='bbox 632 5474 836 5552; x_wconf 84' lang='lat' dir='ltr'><strong><em>explicantem.</em></strong></span> <span class='ocrx_word' id='word_1_539' title='bbox 1433 5449 1505 5520; x_wconf 85' lang='grc'>287)</span> <span class='ocrx_word' id='word_1_540' title='bbox 1527 5445 1666 5520; x_wconf 81' lang='lat' dir='ltr'><strong><em>Ioaclrm]</em></strong></span> <span class='ocrx_word' id='word_1_541' title='bbox 1690 5444 1736 5505; x_wconf 85' lang='lat' dir='ltr'><strong><em>cf.</em></strong></span> <span class='ocrx_word' id='word_1_542' title='bbox 1759 5447 1912 5506; x_wconf 88' lang='lat' dir='ltr'><strong><em>Robinson</em></strong></span> <span class='ocrx_word' id='word_1_543' title='bbox 1931 5447 1997 5507; x_wconf 89' lang='lat' dir='ltr'><strong><em>Pal.</em></strong></span> <span class='ocrx_word' id='word_1_544' title='bbox 2018 5448 2076 5507; x_wconf 86' lang='grc' dir='ltr'><strong>ΙΙΙ.</strong></span> <span class='ocrx_word' id='word_1_545' title='bbox 2100 5454 2168 5509; x_wconf 77' lang='lat'><strong><em>441,</em></strong></span> 
     </span>
    </p>
   </div>
   <div class='ocr_carea' id='block_1_10' title="bbox 512 5560 2191 6049">
    <p class='ocr_par' dir='ltr' id='par_1_14' title="bbox 512 5560 2191 6049">
     <span class='ocr_line' id='line_1_47' title="bbox 577 5560 2191 5651; baseline 0.004 -35"><span class='ocrx_word' id='word_1_546' title='bbox 577 5577 648 5645; x_wconf 78' lang='lat'>283)</span> <span class='ocrx_word' id='word_1_547' title='bbox 673 5572 895 5648; x_wconf 54' lang='lat' dir='ltr'><strong><em>capharnaum,</em></strong></span> <span class='ocrx_word' id='word_1_548' title='bbox 916 5594 1003 5651; x_wconf 69' lang='lat' dir='ltr'><strong><em>quam</em></strong></span> <span class='ocrx_word' id='word_1_549' title='bbox 1024 5578 1167 5651; x_wconf 60' lang='lat' dir='ltr'><strong><em>Joggplms</em></strong></span> <span class='ocrx_word' id='word_1_550' title='bbox 1183 5577 1328 5634; x_wconf 62' lang='lat' dir='ltr'><strong><em>[1415an</em></strong></span> <span class='ocrx_word' id='word_1_551' title='bbox 1435 5564 1507 5634; x_wconf 89' lang='grc'>288)</span> <span class='ocrx_word' id='word_1_552' title='bbox 1529 5563 1636 5620; x_wconf 84' lang='lat' dir='ltr'><strong><em>uallem</em></strong></span> <span class='ocrx_word' id='word_1_553' title='bbox 1658 5560 1835 5638; x_wconf 79' lang='lat' dir='ltr'><strong><em>Carmelion]</em></strong></span> <span class='ocrx_word' id='word_1_554' title='bbox 1857 5563 2004 5622; x_wconf 85' lang='lat' dir='ltr'><strong><em>Planicies</em></strong></span> <span class='ocrx_word' id='word_1_555' title='bbox 2025 5563 2191 5623; x_wconf 81' lang='lat' dir='ltr'><strong><em>el-Battaui</em></strong></span> 
     </span>
     <span class='ocr_line' id='line_1_48' title="bbox 513 5658 1666 5749; baseline 0.003 -18"><span class='ocrx_word' id='word_1_556' title='bbox 513 5671 656 5748; x_wconf 80' lang='lat' dir='ltr'><strong><em>appellat]</em></strong></span> <span class='ocrx_word' id='word_1_557' title='bbox 686 5671 831 5749; x_wconf 89' lang='lat' dir='ltr'><strong><em>Iosephus</em></strong></span> <span class='ocrx_word' id='word_1_558' title='bbox 857 5674 928 5735; x_wconf 86' lang='lat' dir='ltr'><strong><em>Ant.</em></strong></span> <span class='ocrx_word' id='word_1_559' title='bbox 951 5672 1071 5733; x_wconf 89' lang='lat' dir='ltr'>XVIII.</span> <span class='ocrx_word' id='word_1_560' title='bbox 1095 5678 1128 5746; x_wconf 83' lang='lat'><strong><em>2,</em></strong></span> <span class='ocrx_word' id='word_1_561' title='bbox 1153 5681 1165 5734; x_wconf 95' lang='lat' dir='ltr'>l</span> <span class='ocrx_word' id='word_1_562' title='bbox 1192 5677 1328 5734; x_wconf 82' lang='lat' dir='ltr'><strong><em>Betlsui·</em></strong></span> <span class='ocrx_word' id='word_1_563' title='bbox 1371 5659 1398 5719; x_wconf 65' lang='grc' dir='ltr'><strong><em>Ρ·</em></strong></span> <span class='ocrx_word' id='word_1_564' title='bbox 1421 5660 1439 5720; x_wconf 83' lang='lat'><strong><em>¹·</em></strong></span> <span class='ocrx_word' id='word_1_565' title='bbox 1464 5658 1520 5718; x_wconf 66' lang='lat' dir='ltr'><strong><em>dici</em></strong></span> <span class='ocrx_word' id='word_1_566' title='bbox 1541 5659 1666 5718; x_wconf 61' lang='lat' dir='ltr'><strong><em>Videtur·</em></strong></span> 
     </span>
     <span class='ocr_line' id='line_1_49' title="bbox 513 5770 2188 5852; baseline 0.004 -22"><span class='ocrx_word' id='word_1_567' title='bbox 513 5775 582 5830; x_wconf 83' lang='lat' dir='ltr'><strong><em>dom</em></strong></span> <span class='ocrx_word' id='word_1_568' title='bbox 602 5770 748 5831; x_wconf 88' lang='lat' dir='ltr'><strong><em>Iuliadem</em></strong></span> <span class='ocrx_word' id='word_1_569' title='bbox 769 5770 913 5848; x_wconf 89' lang='lat' dir='ltr'><strong><em>appellat,</em></strong></span> <span class='ocrx_word' id='word_1_570' title='bbox 947 5792 1006 5830; x_wconf 89' lang='lat' dir='ltr'><strong><em>non</em></strong></span> <span class='ocrx_word' id='word_1_571' title='bbox 1028 5771 1224 5852; x_wconf 83' lang='lat' dir='ltr'><strong><em>Capernaum.</em></strong></span> <span class='ocrx_word' id='word_1_572' title='bbox 1268 5773 1329 5834; x_wconf 86' lang='lat' dir='ltr'><strong><em>Sed</em></strong></span> <span class='ocrx_word' id='word_1_573' title='bbox 1432 5778 1503 5848; x_wconf 88' lang='grc'>289)</span> <span class='ocrx_word' id='word_1_574' title='bbox 1523 5776 1686 5851; x_wconf 75' lang='lat' dir='ltr'><strong><em>Nazareth]</em></strong></span> <span class='ocrx_word' id='word_1_575' title='bbox 1707 5797 1783 5835; x_wconf 89' lang='lat' dir='ltr'><strong><em>nunc</em></strong></span> <span class='ocrx_word' id='word_1_576' title='bbox 1800 5775 1990 5836; x_wconf 81' lang='lat' dir='ltr'><strong><em>enNasirah.</em></strong></span> <span class='ocrx_word' id='word_1_577' title='bbox 2010 5775 2047 5840; x_wconf 78' lang='lat' dir='ltr'><strong><em>V,</em></strong></span> <span class='ocrx_word' id='word_1_578' title='bbox 2066 5798 2094 5839; x_wconf 84' lang='lat' dir='ltr'><strong><em>v.</em></strong></span> <span class='ocrx_word' id='word_1_579' title='bbox 2110 5777 2188 5837; x_wconf 81' lang='lat' dir='ltr'><strong><em>Rau·</em></strong></span> 
     </span>
     <span class='ocr_line' id='line_1_50' title="bbox 512 5868 1647 5954; baseline 0.004 -24"><span class='ocrx_word' id='word_1_580' title='bbox 512 5868 617 5930; x_wconf 85' lang='lat' dir='ltr'><strong><em>verba:</em></strong></span> <span class='ocrx_word' id='word_1_581' title='bbox 640 5889 743 5946; x_wconf 82' lang='lat' dir='ltr'><strong><em>„quom</em></strong></span> <span class='ocrx_word' id='word_1_582' title='bbox 766 5870 908 5945; x_wconf 79' lang='lat' dir='ltr'><strong><em>[osoplos</em></strong></span> <span class='ocrx_word' id='word_1_583' title='bbox 926 5871 1037 5928; x_wconf 86' lang='lat' dir='ltr'><strong><em>Iuliam</em></strong></span> <span class='ocrx_word' id='word_1_584' title='bbox 1058 5874 1207 5948; x_wconf 66' lang='lat' dir='ltr'><strong><em>appellat*</em></strong></span> <span class='ocrx_word' id='word_1_585' title='bbox 1229 5874 1330 5950; x_wconf 86' lang='lat' dir='ltr'><strong><em>glossa</em></strong></span> <span class='ocrx_word' id='word_1_586' title='bbox 1370 5895 1432 5933; x_wconf 88' lang='lat' dir='ltr'><strong><em>mer</em></strong></span> <span class='ocrx_word' id='word_1_587' title='bbox 1453 5894 1482 5952; x_wconf 93' lang='lat' dir='ltr'><strong><em>p.</em></strong></span> <span class='ocrx_word' id='word_1_588' title='bbox 1507 5880 1562 5935; x_wconf 84' lang='lat'><strong><em>119</em></strong></span> <span class='ocrx_word' id='word_1_589' title='bbox 1585 5895 1647 5954; x_wconf 87' lang='lat' dir='ltr'><strong><em>sqq.</em></strong></span> 
     </span>
     <span class='ocr_line' id='line_1_51' title="bbox 512 5968 2096 6049; baseline 0.005 -22"><span class='ocrx_word' id='word_1_590' title='bbox 512 5979 588 6043; x_wconf 78' lang='lat' dir='ltr'><strong><em>sunt,</em></strong></span> <span class='ocrx_word' id='word_1_591' title='bbox 609 5987 685 6049; x_wconf 86' lang='lat' dir='ltr'><strong><em>quac</em></strong></span> <span class='ocrx_word' id='word_1_592' title='bbox 707 5969 737 6027; x_wconf 91' lang='lat' dir='ltr'><strong><em>in</em></strong></span> <span class='ocrx_word' id='word_1_593' title='bbox 759 5968 856 6041; x_wconf 88' lang='lat' dir='ltr'><strong><em>alium,</em></strong></span> <span class='ocrx_word' id='word_1_594' title='bbox 879 5976 968 6048; x_wconf 84' lang='lat' dir='ltr'><strong><em>atque</em></strong></span> <span class='ocrx_word' id='word_1_595' title='bbox 988 5970 1050 6028; x_wconf 83' lang='lat' dir='ltr'><strong><em>lieri</em></strong></span> <span class='ocrx_word' id='word_1_596' title='bbox 1072 5969 1209 6047; x_wconf 84' lang='lat' dir='ltr'><strong><em>debebat,</em></strong></span> <span class='ocrx_word' id='word_1_597' title='bbox 1232 5973 1327 6031; x_wconf 88' lang='lat' dir='ltr'><strong><em>locum</em></strong></span> <span class='ocrx_word' id='word_1_598' title='bbox 1433 5976 1504 6041; x_wconf 89' lang='grc'>290)</span> <span class='ocrx_word' id='word_1_599' title='bbox 1525 5977 1560 6032; x_wconf 87' lang='lat' dir='ltr'><strong><em>de</em></strong></span> <span class='ocrx_word' id='word_1_600' title='bbox 1582 5973 1686 6030; x_wconf 84' lang='lat' dir='ltr'><strong><em>radice</em></strong></span> <span class='ocrx_word' id='word_1_601' title='bbox 1714 5972 1808 6047; x_wconf 84' lang='lat' dir='ltr'><strong><em>l&#39;essel</em></strong></span> <span class='ocrx_word' id='word_1_602' title='bbox 1830 5972 1868 6032; x_wconf 85' lang='lat' dir='ltr'><strong><em>V.</em></strong></span> <span class='ocrx_word' id='word_1_603' title='bbox 1886 5973 2001 6032; x_wconf 88' lang='lat' dir='ltr'><strong><em>Iesaiae</em></strong></span> <span class='ocrx_word' id='word_1_604' title='bbox 2021 5973 2044 6031; x_wconf 92' lang='grc' dir='ltr'><strong><em>Ι.</em></strong></span> <span class='ocrx_word' id='word_1_605' title='bbox 2071 5980 2096 6036; x_wconf 92' lang='lat' dir='ltr'><strong><em>l.</em></strong></span> 
     </span>
    </p>
   </div>
   <div class='ocr_carea' id='block_1_11' title="bbox 0 0 2676 6964">
    <p class='ocr_par' dir='ltr' id='par_1_15' title="bbox 0 0 2676 6964">
     <span class='ocr_line' id='line_1_52' title="bbox 0 0 2676 6964; baseline 0 0"><span class='ocrx_word' id='word_1_606' title='bbox 0 0 2676 6964; x_wconf 95' lang='lat' dir='ltr'><strong><em> </em></strong></span> 
     </span>
    </p>
   </div>
  </div>
 </body>
</html>
