5334 6975
1408 722 1446 783 12

585 899 702 964 Fratre
731 896 937 979 Borchard0‚
967 920 1061 983 quem
1091 912 1254 961 nostratem
1288 898 1384 982 dicit,
1420 901 1576 986 scriptum
1604 898 1690 965 duno
1723 901 1906 986 accepisse,
1937 898 2087 985 idemque
2124 898 2261 964 induas

586 1025 708 1080 sectum
731 1023 843 1100 partes
875 1035 934 1099 per
971 1013 1184 1100 capitulorum
1224 1015 1452 1102 paragraphos
1487 1016 1686 1080 distinxisse.
1750 1015 1903 1101 Sequitur
1935 1013 2069 1080 deiude:
2112 1020 2261 1095 Protopas

581 1136 702 1210 primus
740 1133 964 1208 descriptionis,
997 1131 1190 1216 iuscriptus:
1232 1133 1340 1193 Sacris
1372 1136 1512 1212 tbsolopis
1552 1155 1589 1194 ac
1624 1136 1725 1194 diuino
1760 1136 1832 1213 lepis
1866 1133 2123 1193 concionatoribus
2153 1140 2262 1208 frater

590 1248 820 1325 chrisostomus,
848 1250 964 1308 ordinis
991 1250 1194 1325 predicatorii
1221 1252 1361 1309 alumnas
1382 1270 1419 1309 nc
1440 1252 1636 1328 theologorum
1656 1252 1792 1310 minimus
1814 1252 1844 1311 S.
1888 1245 1989 1313 cuius
2010 1247 2044 1310 in
2070 1245 2135 1311 fine
2157 1245 2262 1332 Chry·

588 1371 747 1427 sostomus
767 1360 922 1425 lavellus:
950 1364 1073 1440 Stilun,
1100 1363 1217 1448 inquit,
1249 1366 1336 1425 baias
1357 1366 1517 1425 reuerendi
1532 1367 1652 1443 patris,
1681 1361 1875 1437 (Borchardi
1894 1360 2027 1425 Almani
2046 1383 2140 1448 quem
2163 1384 2263 1448 supra

586 1487 693 1554 vocat)
726 1481 855 1556 simplici
883 1481 1068 1556 conponitnts
1096 1491 1263 1540 currentem
1290 1490 1411 1539 seruato
1440 1482 1555 1559 quidem
1580 1484 1740 1541 omnimode
1767 1503 1820 1541 suo
1846 1501 1934 1539 sensu
1958 1483 2118 1556 paululum
2144 1482 2263 1540 eleuare

588 1597 742 1672 constitui,
774 1617 811 1655 nc
841 1616 878 1655 eor
906 1596 1095 1672 simplicitate
1124 1616 1180 1656 sna
1209 1597 1294 1656 lectio
1322 1599 1408 1673 apud
1434 1598 1523 1657 baius
1543 1600 1636 1657 seculi
1655 1599 1805 1674 sapientes
1827 1598 1896 1656 uilis
1917 1598 2070 1657 nubentur.
2113 1593 2264 1679 Apparet

587 1710 698 1794 igitur,
722 1707 991 1795 chrysostomum
1012 1708 1169 1773 lavellum
1190 1709 1304 1792 solum,
1323 1731 1389 1774 nen
1410 1709 1562 1775 Hostium
1583 1733 1710 1795 quoque
1724 1709 1907 1775 Burchardi
1926 1708 2044 1773 librum
2067 1709 2263 1795 paraphrasi

587 1826 871 1911 circumscriptum
894 1834 1036 1889 mutasse
1057 1847 1095 1889 ac
1117 1824 1327 1890 deformasse.
1369 1825 1544 1911 Prologum
1567 1825 1652 1891 bunc
1673 1827 1796 1912 excipit
1817 1829 1995 1904 universale,
2016 1823 2103 1911 quod
2122 1823 2264 1890 lavellus

586 1938 674 2020 dicit,
696 1944 902 2019 incensorium,
928 1941 949 2007 i.
972 1962 999 2003 e.
1021 1940 1121 2005 index
1139 1964 1160 2005 a
1180 1940 1305 2006 lavello
1325 1941 1505 2023 confectus,
1532 1963 1595 2027 que
1616 1941 1717 2007 multo
1738 1941 1853 2007 melius
1874 1940 1916 2006 de
1934 1938 2125 2005 Burchardo
2145 1941 2264 2005 meruit

586 2078 684 2142 quam
708 2054 902 2143 paraphrasi
926 2056 998 2136 ista,
1022 2078 1105 2143 quae
1126 2077 1212 2121 numo
1234 2080 1293 2144 pro
1315 2056 1448 2122 meliore
1471 2067 1580 2122 textus
1602 2057 1790 2122 recensione
1812 2056 1925 2122 haberi
1946 2054 2083 2120 videtur.

709 2169 819 2236 Editio
841 2171 931 2253 haec,
953 2194 1018 2258 qua
1039 2172 1134 2237 nobis
1154 2174 1201 2237 uti
1223 2174 1368 2258 contigit,
1389 2174 1492 2238 estin
1513 2171 1717 2238 Bibliotheca
1738 2174 1830 2257 regia
1850 2171 2061 2237 Berolinensi.

710 2287 824 2351 Restat
855 2298 890 2351 ut
918 2310 1023 2374 pauca
1052 2286 1211 2353 addamus
1240 2288 1281 2354 de
1316 2289 1420 2354 altera
1446 2288 1596 2354 editionis
1624 2298 1759 2353 venetae
1791 2298 1901 2378 parte,
1937 2289 1971 2352 in
1998 2285 2263 2373 compendiosam

583 2403 730 2490 Aegypti
753 2401 1006 2490 descriptionem
1029 2405 1186 2469 exeuntis.
1228 2405 1326 2470 Hunc
1345 2404 1421 2470 libri
1445 2404 1541 2469 finem
1555 2403 1738 2469 Burchardi
1764 2427 1828 2470 non
1851 2426 1922 2469 esse
1943 2413 2143 2489 compertum
2165 2401 2263 2466 habe·

584 2543 655 2584 mus
678 2541 720 2584 ex
740 2519 813 2605 ipso
835 2528 969 2584 auctore
976 2568 985 2600 ,
1014 2530 1178 2584 asserente
1200 2543 1235 2585 se
1258 2521 1359 2586 solam
1380 2531 1500 2586 terram
1521 2531 1669 2587 sanctam
1685 2520 1922 2607 descripturum
1937 2541 2018 2583 esse.
2055 2518 2104 2586 Ol.
2118 2518 2265 2583 Histoire

582 2634 627 2701 lit.
650 2634 690 2699 de
712 2634 745 2698 la
766 2633 894 2698 France
916 2633 999 2698 XXI
1029 2640 1096 2704 182.

584 2770 706 2844 Ecttsz‘o
731 2767 840 2843 IHes
868 2768 927 2843 IV
951 2789 1039 2854 1532.
1066 2788 1198 2846 Partus
1220 2797 1248 2847 n
1268 2788 1366 2850 aasz.
1396 2789 1462 2850 ros.

753 2900 915 2965 Locorum
932 2911 1039 2965 terrae
1052 2910 1184 2965 sanctae
1199 2901 1411 2966 exactissima
1421 2899 1597 2989 descriptio
1612 2910 1743 2966 auctore
1756 2900 1857 2965 fratre
1870 2899 2079 2965 Brocchardo
2095 2898 2263 2964 monacho.

795 3015 906 3081 Editio
933 3016 1014 3081 haec
1042 3016 1127 3081 inest
1153 3017 1188 3081 in
1216 3016 1302 3082 libro
1330 3017 1505 3104 inscripto:
1539 3017 1652 3083 Novus
1680 3016 1769 3082 orbis
1797 3017 1986 3103 refigionum
2013 3038 2054 3081 ac
2080 3016 2261 3081 insularum

753 3143 803 3210 vel
815 3130 938 3197 teribus
959 3132 1208 3218 incognitarum.
1230 3170 1271 3179 -
1291 3169 1333 3180 -
1363 3132 1499 3200 Parisiis
1519 3133 1608 3221 apud
1629 3132 1803 3199 Galeotum
1823 3156 1843 3198 a
1864 3133 1965 3199 Prato
1986 3134 2021 3197 in
2042 3132 2117 3197 aula
2140 3132 2264 3195 maiore

750 3249 834 3334 regii
868 3247 984 3334 palatii
1011 3246 1053 3312 ad
1081 3249 1222 3335 primam
1251 3248 1443 3315 columnam.
1485 3250 1523 3315 In
1550 3250 1614 3315 fine
1635 3248 1768 3334 legitur:
1795 3250 1993 3337 Impressum
2015 3248 2152 3313 Parisiis
2175 3245 2263 3333 apud

751 3362 928 3428 Antonium
941 3362 1159 3449 Augerellum,
1174 3365 1329 3450 impensis
1343 3363 1474 3429 Ioannis
1486 3366 1587 3430 Parui
1606 3378 1637 3429 et
1651 3362 1781 3429 Galeoti
1794 3364 1931 3431 aPrato.
1944 3365 2039 3431 Anno
2048 3361 2261 3428 MDXXXII.

752 3480 833 3545 VIII
853 3478 964 3547 Galen.
987 3479 1162 3545 Novembr.
1190 3480 1262 3546 Ful.
1283 3482 1361 3546 min.
1402 3479 1513 3547 Editio
1536 3481 1616 3546 haee
1636 3480 1847 3547 Beckrnanno
1868 3481 1981 3567 ignota
2002 3491 2189 3546 asservatur
2202 3477 2264 3544 Be·

752 3595 847 3660 rolini
878 3598 912 3659 in
933 3594 1133 3660 bibliotheca
1156 3597 1248 3681 regia
1270 3608 1301 3661 et
1321 3595 1506 3682 Hamburgi
1532 3600 1566 3662 in
1587 3598 1790 3663 Bibliotheca
1810 3598 2012 3665 Commercii.
2057 3596 2119 3663 Cui
2147 3595 2260 3660 similis

753 3722 802 3775 est
821 3709 1024 3794 basileensis,
1046 3713 1222 3798 inscripta:

711 3844 822 3908 Novus
856 3842 945 3909 orbis
975 3844 1165 3929 regiolnum
1194 3866 1234 3910 ac
1261 3843 1440 3909 insularum
1466 3843 1631 3910 veteribus
1658 3845 1942 3929 incognitarum!
1970 3868 2035 3911 una
2058 3867 2131 3910 cum
2151 3842 2264 3908 tabula

587 3959 857 4046 cosmographiae
880 3969 912 4024 et
933 3959 1055 4044 aliquot
1077 3959 1150 4025 aliis
1173 3959 1350 4025 consimilis
1369 3961 1374 4044 Ι
1392 3961 1576 4047 argumenti
1595 3958 1731 4042 libellis,
1759 3984 1894 4048 quorum
1923 3963 2065 4027 omnium
2093 3960 2262 4046 catalogus

586 4077 734 4164 sequenti
763 4075 888 4162 patebit
916 4076 1046 4162 pagina.
1070 4077 1075 4159 Ι
1102 4077 1164 4142 His
1186 4079 1325 4142 accessit
1350 4079 1501 4164 copiosus
1531 4100 1638 4142 rerum
1667 4077 1924 4143 memorabilium
1948 4078 2056 4143 index.
2082 4080 2086 4158 Ι
2113 4077 2263 4143 Basileae

585 4192 675 4280 apud
689 4193 736 4258 Io.
750 4192 954 4278 Hervagium
975 4213 1085 4257 mense
1104 4193 1108 4274 Ι
1127 4191 1257 4276 Martio,
1280 4215 1364 4259 anno
1384 4192 1616 4259 M.D.XXXII.
1636 4193 1642 4276 Ι
1660 4191 1727 4258 Ubi
1749 4216 1824 4281 pag.
1839 4198 2002 4264 aaa-329
2019 4205 2068 4259 est
2081 4192 2262 4260 Borchardi

587 4308 764 4395 descriptio
796 4320 903 4374 terrae
936 4319 1076 4373 sanetae.
1119 4308 1269 4375 Ceterum
1289 4308 1426 4375 Ioannes
1447 4309 1636 4375 Huttichius
1664 4311 1838 4375 canonicus
1866 4311 1991 4398 primus
2018 4311 2127 4396 operis
2149 4320 2263 4375 auctor

586 4426 686 4488 fuisse
722 4424 849 4490 dicitur.
899 4425 975 4489 Vid.
998 4424 1120 4491 Carnus
1154 4426 1308 4490 mbmoire
1341 4449 1395 4492 sur
1431 4425 1463 4491 la
1491 4425 1660 4491 collection
1688 4425 1746 4491 des
1772 4425 1896 4512 grands
1924 4435 1956 4490 et
1983 4427 2080 4512 petits
2107 4447 2261 4512 voyages.

586 4540 681 4604 Paris
707 4546 785 4608 1802
806 4563 880 4628 pag.
903 4546 930 4607 6.
953 4578 993 4588 —
1016 4539 1127 4605 Editio
1151 4538 1342 4606 basileensis
1363 4555 1412 4607 est
1431 4545 1465 4606 in
1485 4541 1689 4606 Bibliotheca
1710 4541 1797 4629 publ.
1818 4541 2071 4627 Hamburgensi.

587 4675 709 4749 Editio
744 4675 777 4748 V
801 4693 886 4755 1536.
916 4695 1061 4768 Antverp.
1092 4691 1119 4754 8.

752 4806 960 4892 Βεεοτίξρῐίο
992 4815 1098 4868 terrae
1125 4814 1257 4870 sanctae
1281 4807 1286 4888 Ι
1312 4806 1538 4887 exactissima,
1569 4814 1681 4869 autore
1709 4805 1877 4873 Broeardo
1905 4806 2083 4889 menalcha
2090 4857 2100 4891 ,
2133 4805 2260 4872 libellus

752 4922 937 4988 diuinarum
959 4921 1215 5006 scripturalrum
1246 4920 1401 4987 studiosis
1430 4920 1529 4985 multb
1549 4923 1553 5003 Ι
1572 4920 1771 4986 vtilissimus.
1802 4923 1805 5003 Ι
1824 4922 1877 4988 De
1906 4925 2000 4989 nouis
2023 4923 2136 4988 insulis
2157 4945 2263 5010 nuper

752 5040 890 5125 repertis
920 5049 951 5102 et
983 5037 1022 5102 de
1052 5036 1057 5118 Ι
1090 5037 1233 5102 moribus
1262 5037 1443 5103 incolarum
1474 5035 1649 5102 eorundem
1676 5041 1681 5116 Ι
1712 5060 1770 5124 per
1799 5039 1932 5102 Petrum
1965 5038 2145 5125 Martyrem
2174 5040 2179 5122 Ι
2208 5062 2262 5104 res

753 5154 839 5220 lectu
867 5153 975 5240 digna.
1003 5154 1008 5234 Ι
1032 5153 1233 5241 Antverpiae
1256 5154 1261 5236 Ι
1288 5156 1321 5218 in
1348 5153 1484 5219 aedibus
1511 5152 1641 5218 Ioannis
1665 5152 1807 5235 Steelsii‚
1833 5159 1838 5236 Ι
1863 5176 1948 5219 anno
1971 5157 1992 5219 a
2014 5155 2144 5222 Christo
2168 5159 2259 5239 natal

751 5269 997 5335 hI.D.XXXVI.
1027 5277 1054 5340 8.

712 5386 911 5452 Asservatur
932 5388 965 5450 in
986 5385 1192 5451 Bibliotheca
1217 5384 1350 5473 publica
1370 5384 1624 5472 Hamburgensi.

587 5524 709 5597 Ennio
742 5521 797 5595 VI
820 5543 906 5604 1537.
934 5541 1031 5601 nasse.
1062 5540 1127 5601 roo.

754 5652 847 5717 Haec
874 5651 973 5717 editio
1004 5653 1163 5738 inscripta
1195 5660 1244 5715 est
1280 5651 1363 5716 sicut
1388 5662 1512 5738 quarta.
1568 5650 1707 5716 Adiecta
1737 5662 1785 5717 est
1811 5652 1887 5717 huic
1913 5661 2097 5738 postremae
2126 5653 2260 5719 editioni

752 5769 917 5854 nauigatio
941 5768 1052 5835 Caroli
1074 5767 1226 5834 Caesaris
1253 5769 1399 5855 auspicio
1422 5771 1456 5833 in
1479 5769 1617 5834 comitiis
1640 5770 1829 5853 augustanis
1856 5769 2012 5832 instituta.
2053 5768 2178 5834 Prodiit
2197 5768 2259 5834 Ba·

751 5887 851 5954 sileae
872 5886 961 5972 apud
982 5888 1026 5951 Io.
1048 5883 1249 5968 Hervagium
1270 5907 1380 5949 mense
1400 5884 1520 5952 Martio
1541 5907 1625 5950 anno
1646 5884 1909 5953 uuxxxvss.

713 6006 786 6072 Vid.
811 6027 887 6091 pag.
907 6006 1079 6072 tas-329.
1121 5998 1182 6064 Est
1204 6000 1236 6064 in
1258 5999 1462 6067 Bibliotheca
1484 6000 1616 6089 pubIIca
1638 6000 1888 6086 Hamburgensi.
