5334 6975
1300 701 1339 760 55

482 885 599 955 restat,
628 876 692 940 nisi
714 874 801 961 quod
823 874 968 940 hostibus
990 876 1218 941 accedentibus
1242 875 1284 940 ad
1302 849 1432 962 'portam
1454 897 1567 957 unam,
1595 874 1794 942 habitatores
1815 880 1941 965 fugiant
1965 901 2023 964 per
2046 878 2156 960 aliam,

483 992 510 1055 si
530 992 649 1055 fuerint
669 992 850 1078 pauciores.
892 990 953 1055 Est
975 1002 1081 1056 autem
1103 994 1136 1056 in
1157 991 1242 1057 ualle
1263 992 1371 1056 media
1393 992 1464 1072 sita,
1487 993 1713 1057 intermontes
1734 992 1917 1073 altissimos,
1943 996 1989 1058 ita
2010 1005 2047 1059 ut
2068 996 2154 1060 intus

484 1107 606 1171 iactare
630 1109 733 1192 possit
756 1106 871 1192 aliquis
894 1128 967 1171 curn
989 1106 1099 1193 lapide
1121 1108 1272 1172 manuali.

605 1222 658 1286 De
680 1233 775 1307 porta
798 1223 867 1286 eius
889 1223 1033 1304 australi,
1056 1236 1209 1310 quantum
1230 1223 1368 1287 ferebis
1390 1234 1496 1310 potest
1516 1225 1624 1288 iacere
1647 1245 1752 1304 arcus,
1774 1233 1824 1288 est
1837 1232 1913 1301 foas
1930 1228 2100 1307 Iacuisti),
2122 1228 2155 1291 in
2175 1229 2207 1281 ²3

482 1338 547 1419 uia,
569 1360 631 1426 que
652 1338 741 1402 ducit
761 1336 946 1420 Ierusalem,
966 1338 1023 1403 ubi
1046 1339 1138 1405 sedes
1159 1340 1309 1422 Domini3
1333 1362 1430 1426 super
1451 1351 1582 1425 puteum
1603 1350 1716 1425 potum
1738 1341 1856 1425 petiuit
1876 1363 1896 1404 a
1919 1340 2134 1407 Samaritana.

607 1454 714 1541 Supra
746 1454 867 1518 fontem
888 1454 986 1518 istum
1010 1454 1052 1518 ad
1074 1455 1222 1519 dextram
1246 1466 1295 1519 est
1315 1478 1408 1520 mons
1430 1453 1594 1536 excelsus,
1628 1454 1751 1520 habens
1774 1454 1836 1520 duo
1860 1459 1985 1543 capita,
2019 1481 2154 1544 quorum
2173 1470 2206 1520 2⁴

482 1594 580 1636 unum
607 1592 699 1635 mons
730 1573 879 1644 Gerizim,
914 1570 1002 1634 aliud
1031 1576 1110 1633 Elui
1136 1571 1328 1658 appellatur.
1378 1571 1417 1635 In
1450 1580 1558 1634 monte
1587 1568 1733 1636 Gerizim
1763 1570 1911 1637 edificem
1941 1572 2037 1637 altari
2059 1574 2153 1638 Iosue

486 1688 617 1774 scripsit
637 1687 943 1768 Deuteronomium,
972 1697 1003 1750 et
1023 1685 1249 1751 benedicentes
1272 1686 1402 1751 stabant
1423 1695 1454 1749 et
1474 1684 1718 1768 maledicentes,
1751 1696 1783 1750 et
1804 1686 1845 1750 de
1866 1699 1976 1752 monte
1998 1688 2083 1753 Ebal
2105 1712 2153 1754 re·

484 1801 697 1890 spondebant,
719 1814 755 1866 ut
774 1812 960 1888 preceptum
981 1802 1041 1866 fuit
1054 1802 1299 1867 Deuteronomii
1313 1802 1520 1878 XXVH³⁶⁰l
1560 1802 1666 1887 Supra
1688 1813 1828 1867 montem
1847 1803 1993 1868 Gerizim
2015 1806 2155 1870 ostendi·

482 1928 535 1983 tur
563 1916 669 1982 adhuc
690 1918 798 1981 fanum
820 1919 1091 2005 antiquissimum,
1121 1919 1206 1982 Iouis
1229 1916 1415 2003 Olympiaci
1437 1917 1648 2005 hospitale2),
1679 1917 1765 2003 quod
1787 1916 1830 1981 ad
1851 1920 1954 1983 instar
1975 1920 2155 2008 templi³⁶¹)

482 2033 744 2100 lerosolimorum
766 2032 974 2099 edifieauerat
996 2032 1318 2114 ¹b‘anaballath¹³)³⁴⁵²),
1343 2032 1410 2097 dux
1431 2035 1573 2120 regionis
1597 2033 1841 2115 transflumen,
1864 2056 1984 2119 genero
2008 2059 2064 2101 suo
2086 2037 2154 2101 Ma·

483 2172 596 2229 nasse,
625 2151 679 2233 qui
709 2149 811 2214 uoluit
839 2172 909 2213 esse
932 2173 1073 2214 summus
1096 2150 1250 2237 pontifex.
1294 2148 1338 2212 Et
1360 2151 1539 2235 permansit
1561 2150 1645 2214 idem
1668 2149 1823 2236 templum
1845 2149 1891 2213 ibi
1913 2173 2014 2238 usque
2037 2152 2078 2216 ad
2102 2152 2155 2218 de·

483 2268 691 2330 structionem
712 2266 830 2329 factam
853 2287 911 2351 per
931 2266 1111 2347 Romanos,
1141 2276 1171 2330 et
1193 2266 1333 2351 uestigia
1355 2266 1424 2329 eius
1447 2280 1478 2329 ct
1499 2268 1591 2329 ruine
1622 2265 1727 2330 adhuc
1750 2265 1908 2330 uidentur.
1951 2267 2047 2331 Hune
2068 2291 2155 2333 mon-

481 2393 545 2446 tem
574 2393 605 2446 et
638 2380 699 2445 hoc
721 2381 873 2468 templum
903 2381 1044 2446 creditur
1077 2380 1327 2446 demonstrando
1356 2382 1500 2446 innuisse
1528 2380 1642 2446 mulier
1673 2381 1713 2445 de
1733 2381 1998 2464 Samariassl³⁶³),
2026 2383 2155 2467 quando

483 2496 566 2561 dixit
586 2496 744 2562 Domino:
768 2501 896 2572 „Patres
916 2503 1012 2559 nostri
1033 2503 1064 2560 ia
1086 2511 1180 2560 monte
1202 2504 1254 2559 boc
1276 2503 1508 2561 adorauerrmt.“

604 2612 657 2677 Ad
680 2615 844 2678 sinistram
864 2614 961 2678 sontis
981 2615 1075 2678 huius
1098 2624 1146 2678 est
1168 2612 1300 2700 opidum
1323 2611 1487 2700 quoddam
1500 2635 1654 2699 magnum
1670 2611 1776 2695 ualde,
1800 2615 1858 2678 sed
1873 2613 2043 2696 desertum,
2067 2613 2154 2700 quod
2172 2613 2205 2663 ²5

482 2729 578 2795 eredo
599 2730 700 2794 luisse
722 2734 836 2792 Sichem
859 2731 1095 2812 antiquam³⁶⁴),
1124 2732 1199 2817 quia
1220 2731 1312 2794 ruine
1333 2751 1451 2815 magne
1474 2741 1547 2792 sunt
1568 2728 1663 2793 ualde
1686 2751 1726 2793 ex
1749 2730 1885 2816 palaciis
1909 2732 2098 2794 marmoreis
2122 2742 2154 2795 et

483 2845 661 2933 columpnis
691 2845 910 2927 mirabilibus,
946 2845 1070 2910 distans
1101 2846 1141 2910 de
1167 2847 1254 2910 sonte
1281 2859 1313 2910 et
1343 2848 1511 2911 mansione
1531 2844 1629 2909 Iacob
1658 2856 1812 2931 quantum
1841 2844 1892 2909 bis
1921 2856 2027 2932 potest
2046 2848 2153 2911 iacere

481 2982 585 3041 arcus,
609 2970 641 3025 et
663 2962 868 3025 amenissimo
889 2961 960 3025 loco
982 2963 1088 3039 situm,
1110 2964 1172 3026 nisi
1195 2961 1282 3049 quod
1301 2963 1394 3047 aquis
1416 2972 1519 3042 caret3
1542 2983 1604 3024 nec
1624 2961 1693 3025 uidi
1715 2960 1796 3026 alias
1811 2960 1917 3025 locum
1932 2973 1999 3025 tam
2013 2962 2152 3026 fertilem

482 3085 513 3140 et
533 3075 716 3141 fecundum.
758 3076 870 3141 Distat
890 3089 997 3142 atatem
1020 3100 1040 3140 a
1062 3078 1201 3160 ciuitate,
1225 3101 1285 3164 que
1307 3074 1463 3163 Neapolis
1484 3075 1610 3158 dicitur,
1634 3078 1754 3153 iaetus)
1778 3076 1915 3141 duorum
1936 3099 2079 3142 arcuum.
2108 3078 2153 3142 Et

481 3192 563 3257 haue
585 3192 762 3280 Neapolim,
777 3204 854 3278 puto
874 3194 973 3257 fuisse
994 3193 1126 3280 opidum
1151 3194 1338 3266 Thebes³⁶⁵l

547 3379 574 3438 a)
589 3375 712 3445 picarium
737 3377 952 3443 antiquissimam
975 3376 1052 3428 Ioaie
1075 3374 1220 3444 olimpiaci
1238 3374 1374 3443 hospitale
1392 3373 1431 3428 St.
1459 3375 1529 3441 olym
1543 3375 1631 3443 pyaci
1653 3374 1790 3443 liospitale
1807 3373 1834 3427 h.
1869 3374 1997 3428 Fortasse
2016 3375 2153 3429 vocabulo

612 3459 763 3529 olympiaci
786 3459 939 3514 cancellato
965 3457 1139 3513 scribendum
1160 3464 1215 3512 est:
1231 3462 1336 3527 saarim
1360 3458 1575 3526 autipm'ssimam
1594 3457 1670 3512 Iovis
1692 3458 1847 3528 hospitalis.
1872 3490 1904 3499 *
1931 3458 1958 3525 b)
1983 3459 2151 3512 aarmdalacli

614 3542 652 3597 St.
671 3575 704 3583 -
730 3546 756 3612 e)
775 3544 906 3596 Saraaria
931 3547 970 3598 St.
988 3544 1159 3596 causaritaaa
1179 3541 1206 3595 h.
1243 3542 1304 3596 Vid.
1323 3541 1373 3594 Er.
1400 3541 1458 3594 Ioh.
1477 3541 1525 3596 IV.
1549 3547 1577 3594 i:
1603 3540 1687 3594 Venit
1712 3541 1810 3595 mulier
1830 3544 1864 3594 de
1887 3542 2018 3595 Samaria
2042 3541 2154 3597 haurire

616 3643 725 3697 aquarn.
744 3660 772 3667 —
792 3629 821 3694 d)
839 3630 873 3681 da
891 3629 966 3681 iactu
985 3627 1024 3682 St.

542 3804 613 3871 359)
630 3803 705 3872 fona
721 3800 819 3875 Iacob]
843 3813 947 3878 puteus
969 3799 1069 3858 Iacobi
1093 3820 1169 3858 nuuc
1183 3810 1227 3858 est
1243 3800 1296 3858 Bir
1400 3803 1471 3869 3113)
1485 3801 1520 3856 de
1532 3799 1683 3873 Soricaria]
1697 3797 1913 3878 Staplrorstiani
1932 3799 2040 3858 codicis
2056 3809 2153 3859 aueto-

480 3897 695 3974 es·Si1nirijeh.
737 3897 773 3957 V.
794 3897 946 3956 Robinson
967 3898 1030 3958 Pal.
1053 3899 1101 3958 IlI
1123 3903 1294 3960 329—335.
1336 3899 1420 3956 ritate
1435 3896 1553 3956 adducti
1571 3897 1747 3956 vocabulum
1762 3901 1797 3955 de
1814 3910 1882 3957 aute
1905 3918 1930 3957 o.
1947 3899 2088 3957 Sacraria
2104 3919 2154 3958 ex·

541 4000 613 4070 360)
637 3996 858 4055 Deicteronomii
877 3997 1022 4072 XXVII]
1045 4018 1074 4056 r.
1101 4004 1133 4057 11
1158 4017 1220 4076 sqq.
1336 3997 1441 4057 cidisse
1463 4007 1607 4076 putamus.
1652 3995 1894 4055 Obversabantur
1915 3997 2001 4068 onim,
2022 3998 2077 4055 nisi
2099 3997 2152 4056 fal·

540 4102 611 4170 361)
634 4097 716 4153 Iouis
746 4096 964 4171 olympiaci-
987 4098 1029 4153 ad
1057 4097 1155 4154 instar
1186 4096 1292 4171 teaiplz]
1335 4098 1387 4175 lor,
1410 4095 1570 4155 Burehardi
1593 4097 1699 4166 animo,
1721 4115 1797 4174 quae
1821 4096 2080 4159 suntinEv‚Ioh.
2098 4096 2153 4157 IV.

480 4194 633 4256 Vocabula
650 4195 817 4270 olympiaci,
837 4193 915 4272 quod
930 4216 982 4274 pro
998 4195 1126 4270 olympii,
1148 4195 1293 4269 hospitale
1339 4203 1369 4255 7:
1393 4196 1482 4254 Venit
1501 4195 1604 4254 mulier
1625 4197 1660 4252 de
1683 4195 1833 4254 Scutario.

479 4294 557 4374 quod
578 4315 631 4374 pro
653 4294 809 4368 hospitalia
831 4294 957 4370 positum
978 4303 1036 4366 est,
1056 4292 1213 4352 emendare
1234 4313 1294 4351 non
1400 4297 1471 4366 364)
1494 4295 1606 4352 Sichem
1628 4292 1791 4369 antiquam]
1820 4293 1894 4352 Pars
1916 4293 2062 4372 quaedam
2080 4295 2153 4353 anti-

479 4392 675 4462 audebamus,
702 4412 738 4451 ne
761 4392 923 4451 Burehardi
950 4392 1041 4470 ipsius
1072 4392 1187 4470 eulpam
1210 4393 1239 4449 in
1262 4391 1293 4449 li·
1335 4414 1411 4472 quae
1433 4392 1512 4452 urbis
1534 4391 1649 4451 Sichem
1672 4391 1858 4470 postmodum
1880 4413 1916 4451 ex
1939 4394 2058 4469 egregia
2075 4392 2154 4452 Rau·

478 4492 604 4551 brarium
623 4491 839 4550 inclinaremus.
882 4489 942 4550 Sed
970 4511 1055 4549 uerno
1078 4489 1215 4567 negabit,
1244 4489 1293 4548 ad·
1336 4494 1407 4552 meri
1420 4490 1709 4570 coniecturaSyehar
1723 4489 1954 4569 nuncupabatur.
1977 4489 2037 4564 Qui
2052 4512 2080 4570 p.
2098 4497 2154 4552 146

477 4592 614 4650 ieetivurn
647 4591 818 4667 olympiaci,
853 4589 932 4669 quod
962 4589 1087 4668 pertinet
1123 4587 1161 4646 ad
1192 4586 1293 4647 urbem
1335 4601 1394 4650 not.
1415 4595 1502 4651 l3la.
1537 4589 1706 4648 Burelrardo
1729 4598 1847 4648 auctore
1869 4591 1966 4649 utitur.
1996 4588 2042 4648 cf.
2061 4589 2155 4649 Ritter

477 4687 662 4771 Olympiam,
687 4689 714 4748 h.
737 4691 754 4748 1.
775 4690 927 4772 confusum
948 4707 1013 4747 esse
1033 4708 1097 4746 curn
1121 4688 1294 4764 cognomine
1335 4690 1421 4750 XVI.
1446 4695 1519 4761 647,
1547 4689 1597 4748 ubi
1628 4691 1696 4747 citat
1724 4689 1909 4748 Itinerarium
1933 4688 2154 4766 Burdigalense,

476 4790 557 4848 Iovis
580 4790 712 4869 Olympii
734 4809 752 4846 a
775 4800 873 4846 monte
895 4786 1034 4866 Olympio
1062 4788 1201 4866 repetito,
1228 4795 1293 4845 ete
1335 4791 1365 4847 in
1387 4809 1444 4868 quo
1468 4801 1709 4848 commemoratur
1730 4807 1814 4846 mons
1833 4788 2002 4864 Agazaran.
2036 4788 2153 4847 Nomen

477 4890 549 4949 Iove
571 4889 718 4968 hospitali,
740 4887 793 4946 Διῒ
811 4887 905 4968 ξενίῳ,
927 4887 1035 4945 factum
1057 4905 1121 4945 esse
1142 4887 1223 4945 Iovis
1243 4885 1294 4944 bo·
1336 4888 1392 4948 lroc
1423 4891 1582 4964 Ayuzarea
1609 4887 1721 4946 Rittero
1749 4887 1941 4966 astipulantes
1970 4906 1986 4945 e
2017 4885 2154 4946 Gerizim

477 4988 627 5067 spitales.
650 4988 815 5066 hospitium.
848 4987 933 5046 Haec
947 4988 1024 5045 enirn
1039 4999 1155 5044 exstant
1169 4985 1200 5044 ll
1214 4984 1293 5043 Mac·
1335 4988 1528 5067 depravatum
1560 4985 1706 5056 ducimus,
1735 4985 1786 5044 scd
1815 4987 1903 5045 etiarn
1931 5004 2034 5044 reeens
2054 4988 2156 5063 Asyar

478 5085 541 5147 cab.
564 5085 619 5163 VI.
641 5091 674 5147 2:
706 5087 847 5144 Molibai
874 5081 904 5143 δὲ
931 5082 980 5143 καὶ
1009 5077 1059 5143 τὸν
1088 5081 1119 5143 ἐν
1143 5077 1293 5161 Ἱεροσολύ-
1337 5108 1359 5148 s.
1376 5088 1477 5144 Askar
1497 5086 1587 5145 literis
1608 5106 1628 5163 g
1650 5094 1680 5143 et
1701 5084 1795 5143 asive
1817 5105 1830 5142 s
1851 5087 2030 5163 permutatis,
2054 5097 2086 5144 ut
2105 5086 2154 5144 fie-

477 5204 543 5260 μοις
571 5178 660 5260 νεών,
692 5183 740 5244 καὶ
776 5178 991 5263 apopompeium
1018 5177 1091 5254 Διὸς
1116 5178 1293 5260 Ὀλυμπίου,
1337 5194 1381 5245 ret
1397 5187 1546 5262 Azgarem
1567 5185 1729 5263 Asgarem,
1762 5203 1799 5242 ex
1820 5184 1965 5241 vocabulo
1987 5185 2154 5260 Agazarern

477 5281 525 5343 καὶ
547 5278 598 5343 τὸν
619 5281 651 5343 ἒν
674 5281 803 5361 samiis,
826 5277 929 5354 καθὼς
950 5278 1104 5363 ἐτύγχανον
1125 5281 1155 5343 oi
1176 5277 1228 5344 τὸν
1249 5279 1294 5344 ro'-
1338 5295 1518 5346 contractum
1551 5302 1616 5344 esse
1645 5282 1768 5341 videtur.
1813 5279 1901 5354 Quod
1930 5290 2029 5340 autern
2051 5283 2154 5341 attinet

477 5404 535 5443 aar
555 5382 717 5455 οἰκοῦντες,
741 5377 813 5454 Διὸς
836 5380 948 5445 Ξενίου.
990 5381 1186 5443 Confunditur
1209 5385 1297 5462 igitur
1338 5384 1504 5444 adnomen
1527 5383 1657 5462 Sychar,
1684 5379 1758 5439 illud
1780 5399 1816 5439 ex
1838 5382 1937 5459 primIs
1960 5380 2082 5461 syllabis
2103 5399 2154 5438 no·

478 5485 538 5562 (qui
560 5484 661 5542 tertius
690 5503 769 5542 error
791 5482 882 5543 esth.
904 5482 922 5541 1.
946 5484 1127 5554 commissus)
1154 5486 1295 5562 templum
1338 5486 1448 5543 minum
1471 5484 1584 5542 Sichem
1613 5493 1642 5541 et
1666 5480 1819 5557 Gerizim,
1854 5482 1922 5539 Sici
1947 5491 1975 5539 et
1998 5479 2066 5539 Gar
2087 5498 2154 5535 con·

477 5581 765 5663 hierosolymitanum
783 5583 863 5642 Iovis
885 5581 1006 5660 olympii
1029 5601 1093 5639 cum
1114 5602 1158 5655 eo,
1181 5584 1230 5661 qui
1252 5593 1297 5642 est
1337 5584 1437 5641 ilatum
1460 5603 1525 5642 esse
1547 5582 1736 5660 suspicamur.

478 5683 506 5739 ln
536 5691 635 5741 monte
663 5681 808 5755 Gerizim,
843 5682 922 5741 Iovis
954 5681 1113 5760 hospitalis.
1165 5680 1225 5740 Sed
1257 5682 1293 5743 cf.
1401 5688 1470 5749 365¹)
1495 5681 1613 5756 Thebes]
1637 5678 1762 5738 'l'hebez
1785 5679 1945 5757 antiquum,
1967 5675 2044 5754 tyuod
2058 5675 2155 5736 dicere

479 5799 553 5858 quae
575 5782 697 5857 margini
720 5783 913 5859 ascripsimus.
1335 5779 1450 5840 videtur
1470 5779 1670 5849 Burehardus,
1692 5788 1735 5837 est
1758 5777 1878 5848 Tabas,
1906 5783 1922 5836 4
1946 5775 2032 5834 horas
2054 5795 2071 5833 a
2093 5776 2153 5835 Na·

540 5883 612 5950 362)
635 5880 843 5954 Saaaballatl]
874 5880 909 5939 V.
935 5878 1055 5957 Iosephi
1084 5879 1153 5938 Ant.
1181 5878 1237 5938 Xl.
1268 5886 1293 5949 7,
1335 5881 1420 5939 bulus
1443 5879 1562 5950 distans,
1584 5898 1672 5957 quare
1692 5878 1749 5935 hoc
1769 5895 1872 5935 recens
1893 5873 2153 5932 'l'ubisBurclrar-

480 5980 515 6045 2:
539 5982 566 6050 8,
589 5981 616 6037 2.
638 5985 665 6038 4.
709 5976 754 6037 Cf.
776 6000 804 6038 v.
827 5978 955 6037 1111111111
976 5998 1004 6055 p.
1031 5980 1095 6037 128.
1335 5979 1390 6038 dus
1420 5999 1479 6038 non
1510 5978 1589 6038 adiit.
1634 5976 1679 6036 cf.
1702 5976 1795 6034 Ritter
1815 5972 1893 6030 XVI
1916 5979 1967 6043 (l).
1991 5978 2065 6045 448,
2095 5993 2153 6031 van
