5334 6975
756 874 916 939 Alterum:

807 1011 930 1069 Videtur
951 1011 1040 1084 milri,
1063 1010 1140 1086 quod
1160 1009 1328 1065 Jerusalem
1352 1053 1359 1067 .
1381 1054 1387 1065 .
1412 1054 1418 1065 .
1443 1054 1448 1065 .
1475 1009 1563 1064 multe
1584 1008 1623 1064 sit
1645 1009 1777 1083 longior,
1808 1028 1895 1085 qaum
1918 983 2043 1083 antiqua
2066 1009 2306 1084 01111111οὴ11ᾰο-

802 1126 971 1200 brrrpcasis,
999 1145 1087 1202 quoru
1115 1124 1240 1182 includit
1267 1142 1369 1179 maras
1399 1123 1545 1180 circuiens
1576 1125 1612 1180 de
1632 1123 1662 1183 S.
1685 1124 1838 1181 Ambrosio
1859 1144 1948 1200 esque
1970 1126 2138 1183 0110011001
2159 1125 2308 1183 ciuitatem

801 1241 959 1299 eecclesiae.

757 1370 810 1433 Ex
830 1370 880 1434 his
902 1392 966 1433 non
991 1367 1109 1448 solum,
1142 1366 1229 1452 quod
1250 1366 1345 1431 facile
1365 1366 1493 1453 probes,
1515 1366 1739 1430 Barchardum
1764 1366 1965 1433 Germanum
1993 1369 2108 1451 fuisse,
2138 1369 2195 1433 sed
2217 1368 2305 1433 aliud

633 1489 732 1552 etiam
753 1487 924 1564 effecerim,
946 1483 1041 1572 quod,
1064 1483 1212 1570 quamvis
1234 1485 1266 1546 in
1290 1506 1325 1548 re
1348 1495 1414 1546 tarn
1435 1485 1559 1546 ineerta
1579 1482 1657 1546 nihil
1680 1505 1740 1568 pro
1764 1495 1851 1548 certo
1874 1485 2074 1565 affirmarim,
2095 1507 2159 1549 non
2174 1507 2306 1570 possum

633 1614 740 1668 tamen
763 1603 841 1688 quin
864 1603 1034 1687 proferans.

756 1734 862 1808 Viam,
885 1755 966 1819 quae
988 1730 1219 1817 Parthenopoli
1240 1729 1396 1795 Barbium
1420 1729 1523 1809 ducit,
1551 1729 1778 1794 Burchardum
1800 1731 1902 1817 probe
1924 1753 2018 1796 nosse
2038 1742 2185 1819 apparet.
2227 1732 2308 1796 Bur-

635 1850 748 1916 chardi
779 1871 896 1914 nomen
924 1850 957 1911 in
984 1846 1101 1911 illustri
1129 1848 1283 1911 comitum
1309 1845 1531 1910 barbieusium
1559 1857 1655 1930 gente
1682 1849 1833 1910 usitatum
1860 1848 1960 1911 luisse
1988 1846 2105 1912 docent
2127 1848 2308 1933 genealogi,

633 1969 688 2051 qui
711 1967 851 2052 quinque
874 1965 942 2028 eius
963 1964 1102 2027 nominis
1124 1964 1213 2026 viros
1235 1986 1255 2027 a
1275 1960 1467 2025 Barchardo
1489 1960 1513 2023 Ι.
1524 2010 1533 2042 ,
1574 1963 1669 2025 ventis
1698 1974 1795 2026 atavo
1818 1973 1849 2026 et
1869 1962 2056 2045 fundatore,
2090 1987 2207 2028 nomen
2228 1963 2309 2028 illud

633 2081 811 2145 hereditate
847 2082 1012 2166 accepisse
1047 2078 1186 2142 tradunt.
1244 2078 1375 2141 uterino
1413 2078 1512 2161 igitur
1540 2080 1659 2162 potuit,
1695 2089 1729 2141 ut
1765 2077 1975 2143 Burcbardus
2013 2078 2053 2143 de
2087 2079 2198 2144 Monte
2231 2079 2310 2144 Sion

634 2207 719 2261 esset
740 2213 834 2259 natus
852 2219 958 2260 comes
981 2217 1001 2259 a
1021 2193 1169 2258 Barbio‘l
1192 2231 1231 2237 -
1261 2193 1325 2257 Res
1348 2194 1472 2256 incerta
1494 2193 1640 2278 quidem,
1663 2193 1719 2257 scd
1742 2216 1798 2257 suo
1822 2205 1930 2258 tamen
1952 2195 2032 2259 haec
2055 2197 2182 2281 opinio,
2205 2207 2240 2260 ut
2261 2197 2309 2259 vi-

635 2311 708 2394 des,
736 2314 917 2376 testimonio
944 2335 1008 2376 non
1030 2323 1135 2390 caret3
1164 2331 1259 2394 quam
1288 2310 1315 2372 si
1337 2308 1508 2388 1010110111,
1537 2308 1759 2373 lubentissime
1791 2310 1961 2397 deponam.
2003 2310 2110 2374 Minus
2132 2322 2238 2375 autem
2260 2315 2307 2374 iu-

635 2442 757 2494 certum
780 2439 843 2509 est,
871 2429 957 2514 quod
981 2451 1022 2492 ex
1044 2426 1114 2490 loco
1138 2424 1277 2510 quodam
1299 2424 1486 2488 Rudimenti
1505 2426 1702 2489 noaiciorum
1715 2475 1723 2506 ,
1747 2425 1824 2491 editi
1847 2425 1999 2491 Lubecac
2022 2448 2106 2491 anuo
2134 2434 2227 2504 1175,
2257 2450 2306 2490 10·

636 2547 754 2632 quitur.
797 2544 870 2625 Quo
900 2566 995 2629 quum
1016 2540 1227 2605 Burchardus
1248 2545 1461 2616 I'resessorum
1490 2545 1606 2602 Sacrae
1624 2546 1760 2621 Puqiaae
1788 2547 1922 2603 1011110101
1950 2541 2094 2624 dicatur,
2128 2542 2310 2628 theologiae

635 2685 708 2726 eum
728 2659 915 2726 doctoribus
938 2672 969 2722 et
990 2655 1228 2744 professoribus
1250 2655 1415 2719 ascribere
1435 2679 1498 2719 non
1519 2655 1712 2720 dubitamus

758 2794 867 2857 Minus
891 2793 988 2854 etiam
1010 2787 1197 2853 dubiusest
1218 2811 1336 2870 annus,
1359 2811 1422 2875 quo
1444 2790 1478 2852 in
1499 2788 1686 2853 Palaestina
1708 2789 1804 2853 fuerit
1833 2799 1864 2852 et
1887 2790 2062 2876 scripserit.
2104 2788 2233 2854 Etenim
2253 2811 2309 2853 an·

634 2934 695 2991 nus
720 2916 808 2989 1283,
831 2908 908 2972 11101
928 2905 1107 2970 tralaticius
1129 2902 1289 2986 videatur,
1309 2917 1396 2968 recte
1418 2914 1575 2968 tamense
1594 2904 1701 2968 habet.
1744 2905 1827 2967 Nam
1843 2927 1894 2968 res
1911 2917 2033 2990 gestae,
2055 2927 2134 2989 quas
2150 2904 2309 2969 Burchar-

635 3025 696 3091 dus
725 3033 970 3104 commemorat,
1002 3022 1154 3085 evincunt
1185 3042 1258 3083 eum
1286 3030 1360 3106 post
1391 3042 1491 3084 annos
1522 3026 1599 3085 12611
1637 3026 1712 3087 1263
1749 3025 1823 3088 1268
1856 3026 1925 3086 1271
1958 3031 1990 3085 01
2009 3031 2083 3085 ante
2105 3043 2207 3085 annos
2233 3027 2307 3087 1291

638 3145 715 3208 1285
740 3142 919 3227 scripsisse.
962 3138 1111 3224 Apparet
1132 3137 1251 3221 igitur,
1281 3158 1400 3201 annum
1422 3135 1511 3200 illum
1536 3143 1629 3218 12113,
1662 3137 1789 3201 tametsi
1821 3135 1863 3199 ab
1885 3137 1987 3222 ipsius
2011 3138 2177 3222 scriptoris
2200 3159 2307 3219 uranu,

635 3258 681 3321 uti
702 3259 736 3321 in
757 3257 964 3320 annotatione
985 3251 1192 3333 docebimus,
1221 3253 1384 3337 profectus
1404 3276 1469 3317 non
1492 3255 1552 3335 sit,
1585 3274 1648 3317 non
1670 3254 1733 3316 nisi
1756 3251 1797 3315 ab
1819 3251 1947 3317 homine
1969 3250 2063 3316 docto
2086 3252 2225 3338 quodam
2247 3255 2308 3316 rei·

634 3395 697 3459 que
727 3371 829 3459 probe
856 3392 959 3457 gnaro
988 3369 1064 3455 poni
1092 3370 1245 3453 potuisse.
1289 3367 1411 3431 Videas
1442 3371 1526 3431 eninr
1559 3389 1641 3453 quae
1670 3369 1895 3432 annotavimus
1923 3367 2063 3436 011118
2089 3374 2181 3435 11123
2202 3374 2241 3436 29
2264 3368 2309 3433 VI

635 3494 653 3553 7
676 3491 695 3553 8
717 3485 799 3553 XIII
821 3494 839 3553 1
863 3493 890 3554 S.
933 3486 1045 3571 Neque
1066 3482 1317 3550 contradicimus
1337 3482 1460 3546 Victori
1488 3481 1633 3565 (1111110,
1660 3484 1715 3567 qui
1737 3483 1925 3548 decennium
1947 3482 2043 3566 illud,
2068 3485 2154 3573 quod
2175 3487 2310 3556 interra

637 3616 750 3669 sancta
772 3603 1009 3688 consumpsisse
1038 3602 1071 3664 in
1093 3600 1234 3663 editione
1253 3609 1371 3661 veneta
1391 3609 1538 3662 extrema
1559 3599 1697 3662 traditur
1719 3599 1947 3683 Burchardus,
1976 3601 2018 3665 ab
2046 3625 2130 3667 anno
2157 3612 2233 3672 1275
2256 3629 2307 3670 us-

636 3744 697 3807 que
726 3719 769 3783 ad
798 3741 916 3782 annum
944 3723 1019 3785 1285
1049 3737 1185 3801 pergere
1214 3714 1359 3778 coniecit.
1402 3713 1440 3777 V.
1462 3713 1607 3778 Histoire
1637 3713 1682 3777 lit.
1711 3714 1751 3778 de
1782 3715 1814 3779 la
1843 3717 1971 3782 France
1998 3718 2081 3781 XXI
2106 3726 2173 3787 182.
2215 3721 2309 3785 Β1011-

634 3837 721 3900 nium
744 3848 830 3899 certe
852 3856 923 3898 euru
944 3834 977 3896 in
999 3831 1185 3896 Palaestina
1210 3841 1376 3894 versatum
1407 3851 1477 3893 esse
1504 3829 1667 3893 effecimus
1688 3853 1729 3893 ex
1750 3831 1807 3913 iis,
1835 3854 1917 3917 quae
1936 3834 1984 3898 IV
2005 3843 2032 3899 11.
2055 3844 2194 3899 exstant.
2234 3837 2311 3901 Fuit

635 3951 681 4017 ibi
703 3965 859 4036 regnante
880 3944 1200 4012 Maleo-al-Mansure
1223 3944 1407 4024 Cularone,
1431 3945 1565 4011 Sultano
1588 3945 1752 4033 Aegypti,
1775 3947 1919 4013 Bibarsii
1941 3972 2143 4031 successore,
2165 3952 2308 4038 scripsit-

633 4090 695 4153 que
728 4067 821 4131 annis
850 4074 922 4129 octo
946 4074 1020 4127 ante
1040 4062 1136 4127 finem
1162 4060 1406 4148 expeditionum
1427 4084 1610 4145 sacrarum,
1639 4063 1839 4149 temporibus
1860 4063 2011 4149 Henrici,
2040 4067 2128 4151 regis
2151 4066 2254 4154 Cypri
2275 4079 2308 4133 et

633 4182 949 4269 Hierosolymorum,
970 4192 1002 4244 et
1024 4202 1082 4267 per
1105 4178 1253 4243 inducias
1277 4177 1485 4261 decennales,
1514 4202 1594 4266 quas
1617 4201 1702 4243 anno
1728 4185 1805 4247 1282
1818 4229 1826 4262 ,
1853 4179 1937 4245 bello
1966 4180 2143 4268 quodcum
2167 4183 2310 4248 Sancore

633 4299 833 4363 Alaschcare
863 4296 1066 4382 Mogolorum
1097 4296 1231 4361 Saltano
1265 4318 1350 4360 anuo
1377 4300 1454 4363 12811
1477 4306 1624 4382 gesserat
1655 4296 1745 4360 finito
1774 4320 1845 4360 cum
1873 4296 2052 4384 templariis
2078 4307 2110 4361 et
2134 4297 2309 4385 hospitala-

635 4416 693 4478 riis
714 4415 836 4478 feceret
858 4413 1053 4478 Calavunus.

757 4554 835 4617 Fuit
855 4563 960 4616 auteur
982 4550 1208 4633 Burehardus,
1238 4553 1265 4615 si
1286 4551 1371 4616 illius
1403 4554 1558 4639 temporis
1578 4554 1738 4617 rationem
1760 4553 1929 4632 habueris,
1956 4552 2119 4617 liberioris
2142 4553 2308 4620 iudiciiin

635 4669 733 4734 rebus
762 4669 899 4749 (livinis,
928 4689 1031 4752 neque
1053 4677 1161 4730 tamen
1183 4667 1323 4752 impius,
1353 4691 1451 4754 quarn
1481 4690 1712 4754 saepenumero
1735 4670 1852 4732 missas
1879 4669 1950 4754 ipse
1971 4670 2111 4732 cantarit
2131 4670 2247 4756 idque,
2275 4684 2309 4736 ut

634 4784 780 4865 videtur,
801 4806 865 4847 non
888 4785 957 4848 sine
978 4804 1058 4845 vera
1079 4781 1188 4846 cordis
1212 4784 1351 4868 pietate,
1388 4783 1504 4848 doctus
1524 4785 1587 4865 ita,
1616 4794 1651 4846 ut
1673 4783 1803 4848 arabice
1825 4806 1950 4869 quoque
1973 4783 2122 4848 calluisse
2144 4786 2309 4869 videatur3

634 4902 713 4964 iacit
734 4901 819 4963 enirn
842 4897 1029 4963 alcoranum
1052 4919 1086 4960 se
1108 4896 1234 4983 legisse.
1278 4899 1429 4964 Ceterum
1459 4900 1740 4987 operaepretium
1768 4910 1817 4963 est
1838 4901 2003 4984 egregiam
2025 4899 2167 4965 Victoris
2190 4901 2309 4968 Clerici

635 5015 674 5080 de
696 5017 825 5100 ingenio
846 5013 1029 5078 Barchardi
1052 5015 1351 5080 commentationem
1372 5015 1480 5100 legere
1501 5017 1682 5101 iterumque
1703 5013 1820 5100 legere.

759 5155 1089 5221 Conuncmoravimus
1113 5176 1212 5238 supra
1234 5156 1410 5240 pessimam
1433 5155 1626 5236 editionum,
1653 5154 1764 5238 quales
1787 5154 1899 5219 adhuc
1915 5156 2059 5237 l'ueruut,
2083 5154 2307 5221 conditionem.

637 5270 745 5351 Quam
768 5270 809 5334 ab
831 5268 1034 5355 autographo
1050 5268 1232 5334 Barchardi
1254 5270 1305 5335 vel
1327 5274 1396 5334 eius
1418 5271 1568 5357 exemplo
1591 5271 1744 5357 quopiam
1768 5269 1852 5333 male
1876 5272 1997 5358 scripto
2019 5283 2123 5337 ortam
2148 5294 2218 5335 esse
2240 5275 2308 5357 opi·

634 5409 760 5468 namur,
781 5386 868 5471 quod
889 5409 986 5472 quum
1009 5386 1205 5471 posteriores
1226 5385 1353 5451 librarii
1377 5386 1548 5452 difficulter
1570 5398 1694 5452 tantum
1710 5384 1865 5471 legerent,
1887 5399 1918 5451 et
1937 5389 2129 5475 scriptiones
2148 5388 2309 5454 absurdae

634 5515 665 5567 et
685 5501 776 5567 labes
798 5501 995 5587 laeuneeque
1022 5523 1085 5564 non
1108 5513 1258 5587 poterant
1278 5505 1356 5587 quin
1378 5505 1547 5568 orirentur.
1589 5501 1755 5568 Interdum
1777 5503 1875 5566 etiam
1898 5503 2040 5568 dictante
2060 5528 2233 5592 perperam
2254 5529 2308 5570 au·

635 5618 703 5685 dito
726 5622 789 5683 orti
812 5630 895 5698 suut,
917 5626 951 5681 ut
972 5617 1042 5680 11011
1065 5616 1155 5698 10101,
1178 5618 1350 5683 scribentis
1374 5642 1510 5685 errores.
1551 5620 1616 5685 Hic
1638 5619 1704 5684 illic
1725 5620 1821 5683 etiam
1842 5631 1938 5685 notae
1961 5619 2085 5705 siglave
2098 5621 2307 5686 librariorum

635 5736 676 5800 ab
706 5735 779 5801 aliis
805 5758 869 5799 non
892 5745 978 5797 recte
1001 5732 1105 5797 soluta
1128 5734 1215 5797 vitiis
1245 5756 1358 5798 ansam
1387 5737 1612 5822 praebuerunt.
1657 5734 1721 5799 Sed
1755 5736 1835 5801 haec
1857 5738 1965 5801 onmia
1986 5736 2110 5802 leviora
2132 5753 2205 5801 sunt
2227 5760 2307 5825 prae

636 5849 936 5940 interpolationibus
967 5860 999 5913 et
1032 5849 1259 5914 omissionibus
1288 5875 1353 5917 non
1382 5853 1582 5938 singulorum
1608 5864 1732 5917 tantum
1761 5853 1949 5933 verborrun,
1984 5851 2041 5917 sed
2070 5863 2208 5917 totarum
2238 5876 2307 5917 sen·

635 5971 825 6049 tentiarum,
856 5991 876 6032 a
904 5964 1020 6053 quibus
1049 5975 1080 6028 et
1100 5964 1226 6029 librarii
1248 5978 1280 6032 et
1300 5967 1441 6035 editores
1463 5969 1544 6034 adeo
1565 5993 1629 6034 non
1651 5968 1890 6050 abstinuerunt,
1919 5980 1954 6033 ut
1975 5967 2157 6033 Barchardi
2183 5980 2306 6033 textum
