<?xml version="1.0" encoding="UTF-8"?>
<!DOCTYPE html PUBLIC "-//W3C//DTD XHTML 1.0 Transitional//EN"
    "http://www.w3.org/TR/xhtml1/DTD/xhtml1-transitional.dtd">
<html xmlns="http://www.w3.org/1999/xhtml" xml:lang="en" lang="en">
 <head>
  <title>
</title>
<meta http-equiv="Content-Type" content="text/html;charset=utf-8" />
  <meta name='ocr-system' content='tesseract 3.04.00' />
  <meta name='ocr-capabilities' content='ocr_page ocr_carea ocr_par ocr_line ocrx_word'/>
</head>
<body>
  <div class='ocr_page' id='page_1' title='image "./peregrinatoresm00brocgoog_0128.png"; bbox 0 0 5334 6975; ppageno 0'>
   <div class='ocr_carea' id='block_1_1' title="bbox 1332 601 1389 662">
    <p class='ocr_par' dir='ltr' id='par_1_1' title="bbox 1332 601 1389 662">
     <span class='ocr_line' id='line_1_1' title="bbox 1332 601 1389 662; baseline 0.035 -3"><span class='ocrx_word' id='word_1_1' title='bbox 1332 601 1389 662; x_wconf 81' lang='lat' dir='ltr'>tlt</span> 
     </span>
    </p>
   </div>
   <div class='ocr_carea' id='block_1_2' title="bbox 477 776 2202 1329">
    <p class='ocr_par' dir='ltr' id='par_1_2' title="bbox 480 776 2202 866">
     <span class='ocr_line' id='line_1_2' title="bbox 480 776 2202 866; baseline 0 -21"><span class='ocrx_word' id='word_1_2' title='bbox 480 797 587 845; x_wconf 86' lang='lat' dir='ltr'>nsua</span> <span class='ocrx_word' id='word_1_3' title='bbox 618 781 826 866; x_wconf 86' lang='lat' dir='ltr'>exposicione</span> <span class='ocrx_word' id='word_1_4' title='bbox 853 777 983 842; x_wconf 83' lang='lat' dir='ltr'>sedauit.</span> <span class='ocrx_word' id='word_1_5' title='bbox 1027 776 1120 840; x_wconf 84' lang='lat' dir='ltr'>Dixit</span> <span class='ocrx_word' id='word_1_6' title='bbox 1152 777 1311 862; x_wconf 87' lang='lat' dir='ltr'>virginem</span> <span class='ocrx_word' id='word_1_7' title='bbox 1332 799 1396 841; x_wconf 91' lang='lat' dir='ltr'>non</span> <span class='ocrx_word' id='word_1_8' title='bbox 1420 780 1586 863; x_wconf 83' lang='lat' dir='ltr'>peperisse</span> <span class='ocrx_word' id='word_1_9' title='bbox 1606 778 1730 859; x_wconf 90' lang='lat' dir='ltr'>Deum,</span> <span class='ocrx_word' id='word_1_10' title='bbox 1761 778 1817 843; x_wconf 92' lang='lat' dir='ltr'>sed</span> <span class='ocrx_word' id='word_1_11' title='bbox 1846 778 2008 843; x_wconf 91' lang='lat' dir='ltr'>hominem</span> <span class='ocrx_word' id='word_1_12' title='bbox 2028 781 2148 845; x_wconf 85' lang='lat' dir='ltr'>iustum</span> <span class='ocrx_word' id='word_1_13' title='bbox 2170 789 2202 845; x_wconf 78' lang='lat' dir='ltr'>et</span> 
     </span>
    </p>

    <p class='ocr_par' dir='ltr' id='par_1_3' title="bbox 480 891 2200 1097">
     <span class='ocr_line' id='line_1_3' title="bbox 480 891 2200 981; baseline 0.001 -23"><span class='ocrx_word' id='word_1_14' title='bbox 480 912 509 960; x_wconf 77' lang='lat' dir='ltr'>tr</span> <span class='ocrx_word' id='word_1_15' title='bbox 527 895 683 981; x_wconf 90' lang='lat' dir='ltr'>templum</span> <span class='ocrx_word' id='word_1_16' title='bbox 705 896 768 959; x_wconf 89' lang='lat' dir='ltr'>Dei</span> <span class='ocrx_word' id='word_1_17' title='bbox 781 898 830 972; x_wconf 80' lang='lat'><strong>⁵¹⁵).</strong></span> <span class='ocrx_word' id='word_1_18' title='bbox 871 891 1065 956; x_wconf 86' lang='lat' dir='ltr'>Huiusmodi</span> <span class='ocrx_word' id='word_1_19' title='bbox 1097 892 1273 956; x_wconf 91' lang='lat' dir='ltr'>virulentos</span> <span class='ocrx_word' id='word_1_20' title='bbox 1301 891 1402 956; x_wconf 87' lang='lat' dir='ltr'>libros</span> <span class='ocrx_word' id='word_1_21' title='bbox 1433 895 1613 958; x_wconf 87' lang='lat' dir='ltr'>inuenimus</span> <span class='ocrx_word' id='word_1_22' title='bbox 1639 896 1671 958; x_wconf 91' lang='lat' dir='ltr'>in</span> <span class='ocrx_word' id='word_1_23' title='bbox 1701 917 1811 958; x_wconf 87' lang='lat' dir='ltr'>omnes</span> <span class='ocrx_word' id='word_1_24' title='bbox 1842 906 1951 980; x_wconf 89' lang='lat' dir='ltr'>partes</span> <span class='ocrx_word' id='word_1_25' title='bbox 1974 894 2148 959; x_wconf 85' lang='lat' dir='ltr'>orientales</span> <span class='ocrx_word' id='word_1_26' title='bbox 2159 896 2200 972; x_wconf 73' lang='lat'>⁵⁷)</span> 
     </span>
     <span class='ocr_line' id='line_1_4' title="bbox 528 1008 1470 1097; baseline -0.005 -23"><span class='ocrx_word' id='word_1_27' title='bbox 528 1022 607 1097; x_wconf 90' lang='lat' dir='ltr'>aput</span> <span class='ocrx_word' id='word_1_28' title='bbox 629 1011 833 1086; x_wconf 80' lang='lat' dir='ltr'>Nestorinos3</span> <span class='ocrx_word' id='word_1_29' title='bbox 854 1032 928 1073; x_wconf 90' lang='lat' dir='ltr'>nam</span> <span class='ocrx_word' id='word_1_30' title='bbox 951 1009 1121 1073; x_wconf 85' lang='lat' dir='ltr'>Nestorius</span> <span class='ocrx_word' id='word_1_31' title='bbox 1143 1010 1203 1072; x_wconf 81' lang='lat' dir='ltr'>suit</span> <span class='ocrx_word' id='word_1_32' title='bbox 1223 1009 1291 1071; x_wconf 88' lang='lat' dir='ltr'>eius</span> <span class='ocrx_word' id='word_1_33' title='bbox 1314 1008 1470 1094; x_wconf 81' lang='lat' dir='ltr'>complex.</span> 
     </span>
    </p>

    <p class='ocr_par' dir='ltr' id='par_1_4' title="bbox 477 1123 2202 1329">
     <span class='ocr_line' id='line_1_5' title="bbox 477 1123 2202 1209; baseline 0.001 -21"><span class='ocrx_word' id='word_1_34' title='bbox 477 1138 508 1188; x_wconf 82' lang='lat'>1³</span> <span class='ocrx_word' id='word_1_35' title='bbox 650 1126 779 1190; x_wconf 81' lang='lat' dir='ltr'>Deinde</span> <span class='ocrx_word' id='word_1_36' title='bbox 802 1126 1011 1189; x_wconf 86' lang='lat' dir='ltr'>trausiuimus</span> <span class='ocrx_word' id='word_1_37' title='bbox 1036 1126 1150 1209; x_wconf 89' lang='lat' dir='ltr'>viginti</span> <span class='ocrx_word' id='word_1_38' title='bbox 1172 1123 1312 1188; x_wconf 87' lang='lat' dir='ltr'>miliaria</span> <span class='ocrx_word' id='word_1_39' title='bbox 1333 1126 1425 1187; x_wconf 86' lang='lat' dir='ltr'>iuxta</span> <span class='ocrx_word' id='word_1_40' title='bbox 1451 1129 1587 1185; x_wconf 74' lang='lat' dir='ltr'>marsim</span> <span class='ocrx_word' id='word_1_41' title='bbox 1609 1124 1732 1207; x_wconf 82' lang='lat' dir='ltr'>Cilicie,</span> <span class='ocrx_word' id='word_1_42' title='bbox 1756 1125 1842 1189; x_wconf 92' lang='lat' dir='ltr'>vnde</span> <span class='ocrx_word' id='word_1_43' title='bbox 1863 1126 1923 1189; x_wconf 82' lang='lat' dir='ltr'>suit</span> <span class='ocrx_word' id='word_1_44' title='bbox 1943 1125 2058 1190; x_wconf 88' lang='lat' dir='ltr'>beatus</span> <span class='ocrx_word' id='word_1_45' title='bbox 2080 1124 2202 1190; x_wconf 87' lang='lat' dir='ltr'>Paulus</span> 
     </span>
     <span class='ocr_line' id='line_1_6' title="bbox 527 1242 700 1329; baseline -0.023 -21"><span class='ocrx_word' id='word_1_46' title='bbox 527 1242 700 1329; x_wconf 87' lang='lat' dir='ltr'>apostolus.</span> 
     </span>
    </p>
   </div>
   <div class='ocr_carea' id='block_1_3' title="bbox 916 1421 1819 1489">
    <p class='ocr_par' dir='ltr' id='par_1_5' title="bbox 916 1421 1819 1489">
     <span class='ocr_line' id='line_1_7' title="bbox 916 1421 1819 1489; baseline 0.002 -5"><span class='ocrx_word' id='word_1_47' title='bbox 916 1422 1001 1485; x_wconf 91' lang='lat' dir='ltr'>VIIl.</span> <span class='ocrx_word' id='word_1_48' title='bbox 1041 1421 1103 1485; x_wconf 87' lang='lat' dir='ltr'>DE</span> <span class='ocrx_word' id='word_1_49' title='bbox 1127 1421 1359 1486; x_wconf 83' lang='lat' dir='ltr'>THURCHIA</span> <span class='ocrx_word' id='word_1_50' title='bbox 1382 1422 1441 1484; x_wconf 85' lang='lat' dir='ltr'>ET</span> <span class='ocrx_word' id='word_1_51' title='bbox 1465 1422 1819 1489; x_wconf 81' lang='lat' dir='ltr'><strong>TURCHIMANNIA.</strong></span> 
     </span>
    </p>
   </div>
   <div class='ocr_carea' id='block_1_4' title="bbox 492 1569 2202 1892">
    <p class='ocr_par' dir='ltr' id='par_1_6' title="bbox 492 1569 2202 1892">
     <span class='ocr_line' id='line_1_8' title="bbox 496 1569 2200 1654; baseline 0.001 -21"><span class='ocrx_word' id='word_1_52' title='bbox 496 1587 504 1633; x_wconf 88' lang='lat' dir='ltr'>t</span> <span class='ocrx_word' id='word_1_53' title='bbox 652 1574 840 1636; x_wconf 83' lang='lat' dir='ltr'>Arrneniam</span> <span class='ocrx_word' id='word_1_54' title='bbox 863 1587 968 1633; x_wconf 87' lang='lat' dir='ltr'>autem</span> <span class='ocrx_word' id='word_1_55' title='bbox 992 1582 1195 1633; x_wconf 87' lang='lat' dir='ltr'>transeuntes</span> <span class='ocrx_word' id='word_1_56' title='bbox 1218 1573 1410 1634; x_wconf 85' lang='lat' dir='ltr'>intrauinms</span> <span class='ocrx_word' id='word_1_57' title='bbox 1433 1573 1465 1634; x_wconf 91' lang='lat' dir='ltr'>in</span> <span class='ocrx_word' id='word_1_58' title='bbox 1489 1571 1696 1654; x_wconf 86' lang='lat' dir='ltr'>Thurchiam,</span> <span class='ocrx_word' id='word_1_59' title='bbox 1720 1583 1750 1636; x_wconf 90' lang='lat' dir='ltr'>et</span> <span class='ocrx_word' id='word_1_60' title='bbox 1766 1573 1950 1636; x_wconf 85' lang='lat' dir='ltr'>¹inuenimus</span> <span class='ocrx_word' id='word_1_61' title='bbox 1965 1569 2200 1634; x_wconf 83' lang='lat' dir='ltr'>Thurchiman·</span> 
     </span>
     <span class='ocr_line' id='line_1_9' title="bbox 526 1685 2202 1770; baseline -0.002 -15"><span class='ocrx_word' id='word_1_62' title='bbox 526 1715 594 1770; x_wconf 90' lang='lat' dir='ltr'>nos,</span> <span class='ocrx_word' id='word_1_63' title='bbox 618 1690 763 1753; x_wconf 90' lang='lat' dir='ltr'>homines</span> <span class='ocrx_word' id='word_1_64' title='bbox 786 1685 958 1765; x_wconf 74' lang='lat' dir='ltr'>bestiales,</span> <span class='ocrx_word' id='word_1_65' title='bbox 987 1688 1040 1770; x_wconf 92' lang='lat' dir='ltr'>qui</span> <span class='ocrx_word' id='word_1_66' title='bbox 1063 1697 1138 1748; x_wconf 91' lang='lat' dir='ltr'>sunt</span> <span class='ocrx_word' id='word_1_67' title='bbox 1160 1685 1331 1749; x_wconf 81' lang='lat' dir='ltr'>Sarraceni</span> <span class='ocrx_word' id='word_1_68' title='bbox 1360 1698 1391 1749; x_wconf 87' lang='lat' dir='ltr'>et</span> <span class='ocrx_word' id='word_1_69' title='bbox 1411 1686 1561 1751; x_wconf 86' lang='lat' dir='ltr'>habitant</span> <span class='ocrx_word' id='word_1_70' title='bbox 1581 1690 1791 1752; x_wconf 90' lang='lat' dir='ltr'>communiter</span> <span class='ocrx_word' id='word_1_71' title='bbox 1815 1689 1873 1752; x_wconf 87' lang='lat' dir='ltr'>sub</span> <span class='ocrx_word' id='word_1_72' title='bbox 1900 1698 1984 1750; x_wconf 87' lang='lat' dir='ltr'>terra</span> <span class='ocrx_word' id='word_1_73' title='bbox 2006 1685 2202 1751; x_wconf 87' lang='lat' dir='ltr'>admodum</span> 
     </span>
     <span class='ocr_line' id='line_1_10' title="bbox 492 1801 2201 1892; baseline -0.002 -22"><span class='ocrx_word' id='word_1_74' title='bbox 492 1805 699 1892; x_wconf 70' lang='lat' dir='ltr'>atalparum.</span> <span class='ocrx_word' id='word_1_75' title='bbox 741 1804 799 1866; x_wconf 87' lang='lat' dir='ltr'>lsti</span> <span class='ocrx_word' id='word_1_76' title='bbox 824 1802 1030 1884; x_wconf 84' lang='lat' dir='ltr'>egrediuntur</span> <span class='ocrx_word' id='word_1_77' title='bbox 1059 1801 1099 1863; x_wconf 90' lang='lat' dir='ltr'>de</span> <span class='ocrx_word' id='word_1_78' title='bbox 1127 1804 1274 1863; x_wconf 87' lang='lat' dir='ltr'>cauernis</span> <span class='ocrx_word' id='word_1_79' title='bbox 1301 1815 1386 1865; x_wconf 86' lang='lat' dir='ltr'>terre</span> <span class='ocrx_word' id='word_1_80' title='bbox 1415 1804 1505 1887; x_wconf 85' lang='lat' dir='ltr'>quasi</span> <span class='ocrx_word' id='word_1_81' title='bbox 1528 1826 1651 1884; x_wconf 87' lang='lat' dir='ltr'>mures,</span> <span class='ocrx_word' id='word_1_82' title='bbox 1685 1814 1716 1867; x_wconf 87' lang='lat' dir='ltr'>et</span> <span class='ocrx_word' id='word_1_83' title='bbox 1744 1804 1849 1868; x_wconf 88' lang='lat' dir='ltr'>subito</span> <span class='ocrx_word' id='word_1_84' title='bbox 1870 1805 1991 1868; x_wconf 87' lang='lat' dir='ltr'>l&#39;aeiunt</span> <span class='ocrx_word' id='word_1_85' title='bbox 2013 1803 2201 1866; x_wconf 82' lang='lat' dir='ltr'>exercitum.</span> 
     </span>
    </p>
   </div>
   <div class='ocr_carea' id='block_1_5' title="bbox 493 1903 2203 2020">
    <p class='ocr_par' dir='ltr' id='par_1_7' title="bbox 493 1903 2203 2020">
     <span class='ocr_line' id='line_1_11' title="bbox 493 1903 2203 2020; baseline -0.002 -34"><span class='ocrx_word' id='word_1_86' title='bbox 493 1903 571 2020; x_wconf 61' lang='lat' dir='ltr'>{Et</span> <span class='ocrx_word' id='word_1_87' title='bbox 595 1933 669 1985; x_wconf 92' lang='lat' dir='ltr'>sunt</span> <span class='ocrx_word' id='word_1_88' title='bbox 690 1920 835 1983; x_wconf 87' lang='lat' dir='ltr'>homines</span> <span class='ocrx_word' id='word_1_89' title='bbox 856 1918 978 1979; x_wconf 85' lang='lat' dir='ltr'>feroces</span> <span class='ocrx_word' id='word_1_90' title='bbox 1003 1931 1033 1979; x_wconf 88' lang='lat' dir='ltr'>ct</span> <span class='ocrx_word' id='word_1_91' title='bbox 1055 1918 1172 1995; x_wconf 84' lang='lat' dir='ltr'>sortes,</span> <span class='ocrx_word' id='word_1_92' title='bbox 1206 1931 1235 1977; x_wconf 84' lang='lat' dir='ltr'>et</span> <span class='ocrx_word' id='word_1_93' title='bbox 1258 1918 1399 1980; x_wconf 90' lang='lat' dir='ltr'>maximc</span> <span class='ocrx_word' id='word_1_94' title='bbox 1422 1917 1571 1981; x_wconf 86' lang='lat' dir='ltr'>mulieres</span> <span class='ocrx_word' id='word_1_95' title='bbox 1595 1943 1716 1982; x_wconf 81' lang='lat' dir='ltr'>corum.</span> <span class='ocrx_word' id='word_1_96' title='bbox 1758 1920 1801 1983; x_wconf 88' lang='lat' dir='ltr'>Et</span> <span class='ocrx_word' id='word_1_97' title='bbox 1822 1934 1856 1983; x_wconf 91' lang='lat' dir='ltr'>vt</span> <span class='ocrx_word' id='word_1_98' title='bbox 1879 1920 1918 1984; x_wconf 90' lang='lat' dir='ltr'>de</span> <span class='ocrx_word' id='word_1_99' title='bbox 1940 1920 2057 1982; x_wconf 87' lang='lat' dir='ltr'>ceteris</span> <span class='ocrx_word' id='word_1_100' title='bbox 2079 1917 2203 2000; x_wconf 87' lang='lat' dir='ltr'>sileam,</span> 
     </span>
    </p>
   </div>
   <div class='ocr_carea' id='block_1_6' title="bbox 480 2032 2203 3626">
    <p class='ocr_par' dir='ltr' id='par_1_8' title="bbox 480 2032 2203 3510">
     <span class='ocr_line' id='line_1_12' title="bbox 493 2032 2201 2121; baseline -0.001 -22"><span class='ocrx_word' id='word_1_101' title='bbox 493 2039 588 2103; x_wconf 76' lang='lat' dir='ltr'>thoe</span> <span class='ocrx_word' id='word_1_102' title='bbox 611 2060 708 2100; x_wconf 87' lang='lat' dir='ltr'>vnum</span> <span class='ocrx_word' id='word_1_103' title='bbox 731 2036 877 2098; x_wconf 87' lang='lat' dir='ltr'>referam.</span> <span class='ocrx_word' id='word_1_104' title='bbox 918 2034 999 2096; x_wconf 90' lang='lat' dir='ltr'>Nam</span> <span class='ocrx_word' id='word_1_105' title='bbox 1023 2055 1094 2094; x_wconf 92' lang='lat' dir='ltr'>cum</span> <span class='ocrx_word' id='word_1_106' title='bbox 1119 2034 1237 2094; x_wconf 83' lang='lat' dir='ltr'>iremus</span> <span class='ocrx_word' id='word_1_107' title='bbox 1260 2055 1330 2094; x_wconf 90' lang='lat' dir='ltr'>cum</span> <span class='ocrx_word' id='word_1_108' title='bbox 1356 2033 1496 2113; x_wconf 79' lang='lat' dir='ltr'>cautelis,</span> <span class='ocrx_word' id='word_1_109' title='bbox 1518 2034 1632 2098; x_wconf 91' lang='lat' dir='ltr'>mulier</span> <span class='ocrx_word' id='word_1_110' title='bbox 1653 2035 1900 2099; x_wconf 89' lang='lat' dir='ltr'>thurchimanna</span> <span class='ocrx_word' id='word_1_111' title='bbox 1921 2057 2084 2121; x_wconf 81' lang='lat' dir='ltr'>pregnans</span> <span class='ocrx_word' id='word_1_112' title='bbox 2101 2032 2201 2120; x_wconf 85' lang='lat' dir='ltr'>pedes</span> 
     </span>
     <span class='ocr_line' id='line_1_13' title="bbox 494 2147 2202 2239; baseline -0.002 -22"><span class='ocrx_word' id='word_1_113' title='bbox 494 2152 722 2239; x_wconf 79' lang='lat' dir='ltr'>tsequcbatur</span> <span class='ocrx_word' id='word_1_114' title='bbox 752 2148 907 2218; x_wconf 71' lang='lat' dir='ltr'>camelos:</span> <span class='ocrx_word' id='word_1_115' title='bbox 937 2160 966 2211; x_wconf 87' lang='lat' dir='ltr'>ct</span> <span class='ocrx_word' id='word_1_116' title='bbox 996 2147 1035 2210; x_wconf 89' lang='lat' dir='ltr'>de</span> <span class='ocrx_word' id='word_1_117' title='bbox 1062 2159 1169 2226; x_wconf 88' lang='lat' dir='ltr'>nocte,</span> <span class='ocrx_word' id='word_1_118' title='bbox 1192 2170 1270 2216; x_wconf 72' lang='lat' dir='ltr'>curn</span> <span class='ocrx_word' id='word_1_119' title='bbox 1301 2171 1443 2212; x_wconf 75' lang='lat' dir='ltr'>essemus</span> <span class='ocrx_word' id='word_1_120' title='bbox 1473 2152 1504 2211; x_wconf 88' lang='lat' dir='ltr'>in</span> <span class='ocrx_word' id='word_1_121' title='bbox 1535 2150 1679 2216; x_wconf 82' lang='lat' dir='ltr'>deserto.</span> <span class='ocrx_word' id='word_1_122' title='bbox 1711 2154 1836 2236; x_wconf 80' lang='lat' dir='ltr'>peperit</span> <span class='ocrx_word' id='word_1_123' title='bbox 1868 2154 1900 2214; x_wconf 91' lang='lat' dir='ltr'>in</span> <span class='ocrx_word' id='word_1_124' title='bbox 1923 2150 2062 2214; x_wconf 92' lang='lat' dir='ltr'>silencio.</span> <span class='ocrx_word' id='word_1_125' title='bbox 2104 2148 2202 2213; x_wconf 84' lang='lat' dir='ltr'>Mane</span> 
     </span>
     <span class='ocr_line' id='line_1_14' title="bbox 528 2263 2201 2352; baseline -0.002 -19"><span class='ocrx_word' id='word_1_126' title='bbox 528 2281 635 2333; x_wconf 86' lang='lat' dir='ltr'>autem</span> <span class='ocrx_word' id='word_1_127' title='bbox 662 2269 765 2346; x_wconf 85' lang='lat' dir='ltr'>sacto,</span> <span class='ocrx_word' id='word_1_128' title='bbox 793 2266 992 2330; x_wconf 82' lang='lat' dir='ltr'>admirantes</span> <span class='ocrx_word' id='word_1_129' title='bbox 1021 2265 1211 2326; x_wconf 87' lang='lat' dir='ltr'>inuenerunt</span> <span class='ocrx_word' id='word_1_130' title='bbox 1232 2263 1423 2328; x_wconf 86' lang='lat' dir='ltr'>infantulum</span> <span class='ocrx_word' id='word_1_131' title='bbox 1445 2267 1643 2348; x_wconf 79' lang='lat' dir='ltr'>vagientem,</span> <span class='ocrx_word' id='word_1_132' title='bbox 1672 2289 1764 2351; x_wconf 75' lang='lat' dir='ltr'>(luem</span> <span class='ocrx_word' id='word_1_133' title='bbox 1788 2268 1951 2352; x_wconf 89' lang='lat' dir='ltr'>accipiens</span> <span class='ocrx_word' id='word_1_134' title='bbox 1974 2275 2077 2329; x_wconf 91' lang='lat' dir='ltr'>mater</span> <span class='ocrx_word' id='word_1_135' title='bbox 2100 2265 2201 2351; x_wconf 84' lang='lat' dir='ltr'>pedes</span> 
     </span>
     <span class='ocr_line' id='line_1_15' title="bbox 528 2380 1076 2471; baseline -0.016 -23"><span class='ocrx_word' id='word_1_136' title='bbox 528 2384 719 2471; x_wconf 79' lang='lat' dir='ltr'>sequebatur</span> <span class='ocrx_word' id='word_1_137' title='bbox 742 2380 899 2460; x_wconf 87' lang='lat' dir='ltr'>camelos,</span> <span class='ocrx_word' id='word_1_138' title='bbox 922 2393 956 2441; x_wconf 84' lang='lat' dir='ltr'>vt</span> <span class='ocrx_word' id='word_1_139' title='bbox 976 2381 1076 2464; x_wconf 88' lang='lat' dir='ltr'>prius.</span> 
     </span>
     <span class='ocr_line' id='line_1_16' title="bbox 495 2494 2202 2584; baseline -0.002 -20"><span class='ocrx_word' id='word_1_140' title='bbox 495 2516 509 2564; x_wconf 82' lang='lat' dir='ltr'>t</span> <span class='ocrx_word' id='word_1_141' title='bbox 653 2497 794 2561; x_wconf 85' lang='lat' dir='ltr'>Predicti</span> <span class='ocrx_word' id='word_1_142' title='bbox 816 2508 921 2560; x_wconf 83' lang='lat' dir='ltr'>autem</span> <span class='ocrx_word' id='word_1_143' title='bbox 947 2495 1200 2558; x_wconf 79' lang='lat' dir='ltr'>Tlrurchimanni</span> <span class='ocrx_word' id='word_1_144' title='bbox 1224 2494 1419 2558; x_wconf 82' lang='lat' dir='ltr'>insidiantur</span> <span class='ocrx_word' id='word_1_145' title='bbox 1442 2498 1582 2559; x_wconf 82' lang='lat' dir='ltr'>rrraxime</span> <span class='ocrx_word' id='word_1_146' title='bbox 1601 2496 1726 2578; x_wconf 76' lang='lat' dir='ltr'>Grecis,</span> <span class='ocrx_word' id='word_1_147' title='bbox 1749 2500 1803 2584; x_wconf 91' lang='lat' dir='ltr'>qui</span> <span class='ocrx_word' id='word_1_148' title='bbox 1829 2495 1977 2560; x_wconf 83' lang='lat' dir='ltr'>habitant</span> <span class='ocrx_word' id='word_1_149' title='bbox 1999 2498 2091 2560; x_wconf 87' lang='lat' dir='ltr'>iuxta</span> <span class='ocrx_word' id='word_1_150' title='bbox 2112 2519 2202 2561; x_wconf 89' lang='lat' dir='ltr'>mare</span> 
     </span>
     <span class='ocr_line' id='line_1_17' title="bbox 529 2611 2203 2700; baseline -0.002 -21"><span class='ocrx_word' id='word_1_151' title='bbox 529 2638 691 2700; x_wconf 85' lang='lat' dir='ltr'>magnum,</span> <span class='ocrx_word' id='word_1_152' title='bbox 716 2616 790 2699; x_wconf 90' lang='lat' dir='ltr'>quia</span> <span class='ocrx_word' id='word_1_153' title='bbox 808 2612 904 2676; x_wconf 79' lang='lat' dir='ltr'>Greci</span> <span class='ocrx_word' id='word_1_154' title='bbox 929 2611 1117 2675; x_wconf 83' lang='lat' dir='ltr'>occiderunt</span> <span class='ocrx_word' id='word_1_155' title='bbox 1140 2632 1179 2671; x_wconf 83' lang='lat' dir='ltr'>ex</span> <span class='ocrx_word' id='word_1_156' title='bbox 1196 2611 1333 2673; x_wconf 81' lang='lat' dir='ltr'>Francis</span> <span class='ocrx_word' id='word_1_157' title='bbox 1355 2613 1528 2674; x_wconf 87' lang='lat' dir='ltr'>maximam</span> <span class='ocrx_word' id='word_1_158' title='bbox 1553 2611 1797 2695; x_wconf 83' lang='lat' dir='ltr'>multitudinem,</span> <span class='ocrx_word' id='word_1_159' title='bbox 1820 2613 1895 2698; x_wconf 87' lang='lat' dir='ltr'>quia</span> <span class='ocrx_word' id='word_1_160' title='bbox 1914 2613 1947 2674; x_wconf 91' lang='lat' dir='ltr'>in</span> <span class='ocrx_word' id='word_1_161' title='bbox 1970 2612 2110 2697; x_wconf 87' lang='lat' dir='ltr'>quodam</span> <span class='ocrx_word' id='word_1_162' title='bbox 2131 2635 2203 2698; x_wconf 86' lang='lat' dir='ltr'>pas·</span> 
     </span>
     <span class='ocr_line' id='line_1_18' title="bbox 528 2726 2200 2816; baseline -0.002 -21"><span class='ocrx_word' id='word_1_163' title='bbox 528 2734 635 2816; x_wconf 80' lang='lat' dir='ltr'>sagio,</span> <span class='ocrx_word' id='word_1_164' title='bbox 657 2730 743 2814; x_wconf 86' lang='lat' dir='ltr'>quod</span> <span class='ocrx_word' id='word_1_165' title='bbox 765 2728 928 2792; x_wconf 88' lang='lat' dir='ltr'>faciebant</span> <span class='ocrx_word' id='word_1_166' title='bbox 950 2728 1070 2791; x_wconf 88' lang='lat' dir='ltr'>Franci</span> <span class='ocrx_word' id='word_1_167' title='bbox 1094 2737 1205 2789; x_wconf 88' lang='lat' dir='ltr'>contra</span> <span class='ocrx_word' id='word_1_168' title='bbox 1229 2727 1442 2806; x_wconf 73' lang='lat' dir='ltr'>Sarracenos,</span> <span class='ocrx_word' id='word_1_169' title='bbox 1474 2729 1669 2790; x_wconf 82' lang='lat' dir='ltr'>miscuerunt</span> <span class='ocrx_word' id='word_1_170' title='bbox 1691 2726 1811 2791; x_wconf 81' lang='lat' dir='ltr'>calcem</span> <span class='ocrx_word' id='word_1_171' title='bbox 1832 2729 1952 2808; x_wconf 84' lang='lat' dir='ltr'>farine;</span> <span class='ocrx_word' id='word_1_172' title='bbox 1979 2727 2101 2791; x_wconf 80' lang='lat' dir='ltr'>Franci</span> <span class='ocrx_word' id='word_1_173' title='bbox 2123 2748 2200 2791; x_wconf 86' lang='lat' dir='ltr'>vero</span> 
     </span>
     <span class='ocr_line' id='line_1_19' title="bbox 528 2841 2200 2929; baseline -0.005 -17"><span class='ocrx_word' id='word_1_174' title='bbox 528 2870 639 2912; x_wconf 89' lang='lat' dir='ltr'>secure</span> <span class='ocrx_word' id='word_1_175' title='bbox 663 2845 704 2909; x_wconf 89' lang='lat' dir='ltr'>ab</span> <span class='ocrx_word' id='word_1_176' title='bbox 727 2848 773 2907; x_wconf 88' lang='lat' dir='ltr'>eis</span> <span class='ocrx_word' id='word_1_177' title='bbox 792 2856 955 2929; x_wconf 89' lang='lat' dir='ltr'>tamquam</span> <span class='ocrx_word' id='word_1_178' title='bbox 981 2841 1207 2907; x_wconf 84' lang='lat' dir='ltr'>aClrristianis</span> <span class='ocrx_word' id='word_1_179' title='bbox 1231 2842 1427 2927; x_wconf 87' lang='lat' dir='ltr'>accipientes</span> <span class='ocrx_word' id='word_1_180' title='bbox 1444 2853 1475 2905; x_wconf 89' lang='lat' dir='ltr'>et</span> <span class='ocrx_word' id='word_1_181' title='bbox 1490 2842 1692 2906; x_wconf 80' lang='lat' dir='ltr'>comedentes</span> <span class='ocrx_word' id='word_1_182' title='bbox 1706 2842 1797 2905; x_wconf 87' lang='lat' dir='ltr'>multi</span> <span class='ocrx_word' id='word_1_183' title='bbox 1816 2865 1909 2907; x_wconf 83' lang='lat' dir='ltr'>exeo</span> <span class='ocrx_word' id='word_1_184' title='bbox 1927 2842 2044 2907; x_wconf 92' lang='lat' dir='ltr'>mortui</span> <span class='ocrx_word' id='word_1_185' title='bbox 2064 2842 2200 2917; x_wconf 61' lang='lat' dir='ltr'>sunttt).</span> 
     </span>
     <span class='ocr_line' id='line_1_20' title="bbox 495 2956 2200 3045; baseline -0.002 -18"><span class='ocrx_word' id='word_1_186' title='bbox 495 2964 714 3033; x_wconf 80' lang='lat' dir='ltr'>alanenimus</span> <span class='ocrx_word' id='word_1_187' title='bbox 744 2975 849 3023; x_wconf 87' lang='lat' dir='ltr'>autem</span> <span class='ocrx_word' id='word_1_188' title='bbox 879 2959 1013 3022; x_wconf 87' lang='lat' dir='ltr'>firmiter</span> <span class='ocrx_word' id='word_1_189' title='bbox 1041 2981 1100 3043; x_wconf 88' lang='lat' dir='ltr'>per</span> <span class='ocrx_word' id='word_1_190' title='bbox 1129 2956 1192 3020; x_wconf 88' lang='lat' dir='ltr'>fide</span> <span class='ocrx_word' id='word_1_191' title='bbox 1223 2957 1360 3043; x_wconf 87' lang='lat' dir='ltr'>dignos,</span> <span class='ocrx_word' id='word_1_192' title='bbox 1394 2960 1480 3045; x_wconf 91' lang='lat' dir='ltr'>quod</span> <span class='ocrx_word' id='word_1_193' title='bbox 1504 2958 1601 3022; x_wconf 78' lang='lat' dir='ltr'>Greci</span> <span class='ocrx_word' id='word_1_194' title='bbox 1630 2957 1675 3022; x_wconf 90' lang='lat' dir='ltr'>illi</span> <span class='ocrx_word' id='word_1_195' title='bbox 1709 2961 1753 3021; x_wconf 88' lang='lat' dir='ltr'>ita</span> <span class='ocrx_word' id='word_1_196' title='bbox 1776 2961 1885 3021; x_wconf 88' lang='lat' dir='ltr'>timent</span> <span class='ocrx_word' id='word_1_197' title='bbox 1911 2958 2200 3041; x_wconf 74' lang='lat' dir='ltr'>l&#39;hurehimannos,</span> 
     </span>
     <span class='ocr_line' id='line_1_21' title="bbox 530 3072 2201 3166; baseline -0.001 -24"><span class='ocrx_word' id='word_1_198' title='bbox 530 3078 616 3166; x_wconf 85' lang='lat' dir='ltr'>quod</span> <span class='ocrx_word' id='word_1_199' title='bbox 636 3101 699 3140; x_wconf 91' lang='lat' dir='ltr'>non</span> <span class='ocrx_word' id='word_1_200' title='bbox 722 3075 841 3139; x_wconf 88' lang='lat' dir='ltr'>audent</span> <span class='ocrx_word' id='word_1_201' title='bbox 863 3078 952 3137; x_wconf 86' lang='lat' dir='ltr'>exire</span> <span class='ocrx_word' id='word_1_202' title='bbox 975 3074 1014 3137; x_wconf 91' lang='lat' dir='ltr'>dc</span> <span class='ocrx_word' id='word_1_203' title='bbox 1037 3072 1221 3137; x_wconf 86' lang='lat' dir='ltr'>ciuitatibus</span> <span class='ocrx_word' id='word_1_204' title='bbox 1243 3098 1301 3137; x_wconf 64' lang='lat' dir='ltr'>neec</span> <span class='ocrx_word' id='word_1_205' title='bbox 1324 3075 1364 3138; x_wconf 90' lang='lat' dir='ltr'>dc</span> <span class='ocrx_word' id='word_1_206' title='bbox 1387 3077 1502 3138; x_wconf 85' lang='lat' dir='ltr'>castris</span> <span class='ocrx_word' id='word_1_207' title='bbox 1526 3077 1703 3155; x_wconf 56' lang='lat' dir='ltr'>corurnffl&#39;),</span> <span class='ocrx_word' id='word_1_208' title='bbox 1731 3076 1793 3136; x_wconf 88' lang='lat' dir='ltr'>uisi</span> <span class='ocrx_word' id='word_1_209' title='bbox 1824 3086 1953 3160; x_wconf 87' lang='lat' dir='ltr'>portent</span> <span class='ocrx_word' id='word_1_210' title='bbox 1982 3095 2090 3138; x_wconf 88' lang='lat' dir='ltr'>secum</span> <span class='ocrx_word' id='word_1_211' title='bbox 2113 3078 2201 3162; x_wconf 88' lang='lat' dir='ltr'>eapi-</span> 
     </span>
     <span class='ocr_line' id='line_1_22' title="bbox 494 3190 2200 3279; baseline -0.002 -21"><span class='ocrx_word' id='word_1_212' title='bbox 494 3207 629 3267; x_wconf 73' lang='lat' dir='ltr'>ostrum</span> <span class='ocrx_word' id='word_1_213' title='bbox 660 3207 823 3279; x_wconf 87' lang='lat' dir='ltr'>paratum,</span> <span class='ocrx_word' id='word_1_214' title='bbox 853 3213 915 3274; x_wconf 91' lang='lat' dir='ltr'>quo</span> <span class='ocrx_word' id='word_1_215' title='bbox 942 3191 1088 3275; x_wconf 87' lang='lat' dir='ltr'>ligentur.</span> <span class='ocrx_word' id='word_1_216' title='bbox 1131 3190 1253 3252; x_wconf 85' lang='lat' dir='ltr'>Dicunt</span> <span class='ocrx_word' id='word_1_217' title='bbox 1284 3192 1386 3270; x_wconf 91' lang='lat' dir='ltr'>enim,</span> <span class='ocrx_word' id='word_1_218' title='bbox 1416 3190 1501 3275; x_wconf 88' lang='lat' dir='ltr'>quod</span> <span class='ocrx_word' id='word_1_219' title='bbox 1523 3190 1804 3253; x_wconf 72' lang='lat' dir='ltr'>&#39;l&#39;lrurcbimannus</span> <span class='ocrx_word' id='word_1_220' title='bbox 1835 3192 1943 3253; x_wconf 82' lang='lat' dir='ltr'>statim</span> <span class='ocrx_word' id='word_1_221' title='bbox 1978 3191 2200 3274; x_wconf 79' lang='lat' dir='ltr'>eumoccidit,</span> 
     </span>
     <span class='ocr_line' id='line_1_23' title="bbox 480 3305 2201 3392; baseline -0.001 -18"><span class='ocrx_word' id='word_1_222' title='bbox 480 3335 510 3384; x_wconf 73' lang='grc' dir='ltr'>ιο</span> <span class='ocrx_word' id='word_1_223' title='bbox 528 3313 589 3374; x_wconf 85' lang='lat' dir='ltr'>nisi</span> <span class='ocrx_word' id='word_1_224' title='bbox 619 3310 761 3373; x_wconf 76' lang='lat' dir='ltr'>inueniat</span> <span class='ocrx_word' id='word_1_225' title='bbox 795 3312 823 3370; x_wconf 92' lang='lat' dir='ltr'>ci</span> <span class='ocrx_word' id='word_1_226' title='bbox 853 3307 1030 3392; x_wconf 86' lang='lat' dir='ltr'>capistrum</span> <span class='ocrx_word' id='word_1_227' title='bbox 1061 3316 1222 3391; x_wconf 88' lang='lat' dir='ltr'>paratum.</span> <span class='ocrx_word' id='word_1_228' title='bbox 1276 3306 1318 3368; x_wconf 86' lang='lat' dir='ltr'>Et</span> <span class='ocrx_word' id='word_1_229' title='bbox 1345 3306 1418 3369; x_wconf 87' lang='lat' dir='ltr'>idco</span> <span class='ocrx_word' id='word_1_230' title='bbox 1452 3305 1582 3391; x_wconf 89' lang='lat' dir='ltr'>quando</span> <span class='ocrx_word' id='word_1_231' title='bbox 1614 3319 1732 3369; x_wconf 84' lang='lat' dir='ltr'>exeunt</span> <span class='ocrx_word' id='word_1_232' title='bbox 1762 3306 1803 3369; x_wconf 90' lang='lat' dir='ltr'>ad</span> <span class='ocrx_word' id='word_1_233' title='bbox 1833 3306 2054 3370; x_wconf 87' lang='lat' dir='ltr'>seminandum</span> <span class='ocrx_word' id='word_1_234' title='bbox 2084 3307 2137 3371; x_wconf 87' lang='lat' dir='ltr'>vel</span> <span class='ocrx_word' id='word_1_235' title='bbox 2159 3308 2201 3372; x_wconf 92' lang='lat' dir='ltr'>ad</span> 
     </span>
     <span class='ocr_line' id='line_1_24' title="bbox 481 3421 2201 3510; baseline -0.002 -19"><span class='ocrx_word' id='word_1_236' title='bbox 481 3453 505 3503; x_wconf 79' lang='grc' dir='ltr'>ιι</span> <span class='ocrx_word' id='word_1_237' title='bbox 528 3427 641 3492; x_wconf 85' lang='lat' dir='ltr'>siluam</span> <span class='ocrx_word' id='word_1_238' title='bbox 664 3424 713 3487; x_wconf 85' lang='lat' dir='ltr'>vel</span> <span class='ocrx_word' id='word_1_239' title='bbox 734 3423 776 3486; x_wconf 88' lang='lat' dir='ltr'>ad</span> <span class='ocrx_word' id='word_1_240' title='bbox 798 3421 978 3487; x_wconf 89' lang='lat' dir='ltr'>huiusmodi</span> <span class='ocrx_word' id='word_1_241' title='bbox 1003 3445 1102 3509; x_wconf 90' lang='lat' dir='ltr'>opus,</span> <span class='ocrx_word' id='word_1_242' title='bbox 1133 3422 1352 3507; x_wconf 77' lang='lat' dir='ltr'>mrusquisque</span> <span class='ocrx_word' id='word_1_243' title='bbox 1374 3434 1481 3506; x_wconf 88' lang='lat' dir='ltr'>portat</span> <span class='ocrx_word' id='word_1_244' title='bbox 1505 3445 1595 3484; x_wconf 85' lang='lat' dir='ltr'>suum</span> <span class='ocrx_word' id='word_1_245' title='bbox 1618 3424 1811 3508; x_wconf 88' lang='lat' dir='ltr'>capistrum,</span> <span class='ocrx_word' id='word_1_246' title='bbox 1836 3446 1898 3510; x_wconf 92' lang='lat' dir='ltr'>quo</span> <span class='ocrx_word' id='word_1_247' title='bbox 1921 3422 2045 3509; x_wconf 89' lang='lat' dir='ltr'>ligetur.</span> <span class='ocrx_word' id='word_1_248' title='bbox 2089 3422 2133 3486; x_wconf 79' lang='lat' dir='ltr'>Et</span> <span class='ocrx_word' id='word_1_249' title='bbox 2154 3426 2201 3489; x_wconf 88' lang='lat' dir='ltr'>sie</span> 
     </span>
    </p>

    <p class='ocr_par' dir='ltr' id='par_1_9' title="bbox 527 3537 2199 3626">
     <span class='ocr_line' id='line_1_25' title="bbox 527 3537 2199 3626; baseline -0.002 -20"><span class='ocrx_word' id='word_1_250' title='bbox 527 3566 603 3606; x_wconf 89' lang='lat' dir='ltr'>vere</span> <span class='ocrx_word' id='word_1_251' title='bbox 623 3540 801 3626; x_wconf 86' lang='lat' dir='ltr'>completur</span> <span class='ocrx_word' id='word_1_252' title='bbox 823 3541 855 3601; x_wconf 90' lang='lat' dir='ltr'>in</span> <span class='ocrx_word' id='word_1_253' title='bbox 876 3541 922 3601; x_wconf 91' lang='lat' dir='ltr'>eis</span> <span class='ocrx_word' id='word_1_254' title='bbox 940 3537 1019 3601; x_wconf 90' lang='lat' dir='ltr'>illud</span> <span class='ocrx_word' id='word_1_255' title='bbox 1043 3537 1222 3600; x_wconf 74' lang='lat' dir='ltr'>¹Salomonis</span> <span class='ocrx_word' id='word_1_256' title='bbox 1236 3540 1293 3607; x_wconf 73' lang='lat' dir='ltr'>⁴⁵⁰J:</span> <span class='ocrx_word' id='word_1_257' title='bbox 1324 3543 1519 3618; x_wconf 73' lang='lat' dir='ltr'>„iniquitates</span> <span class='ocrx_word' id='word_1_258' title='bbox 1542 3564 1591 3599; x_wconf 71' lang='lat' dir='ltr'>sne</span> <span class='ocrx_word' id='word_1_259' title='bbox 1614 3547 1735 3617; x_wconf 70' lang='lat' dir='ltr'>capitote</span> <span class='ocrx_word' id='word_1_260' title='bbox 1758 3543 1883 3617; x_wconf 73' lang='lat' dir='ltr'>inopium.</span> <span class='ocrx_word' id='word_1_261' title='bbox 1906 3554 1931 3599; x_wconf 82' lang='lat' dir='ltr'>et</span> <span class='ocrx_word' id='word_1_262' title='bbox 1946 3544 2074 3617; x_wconf 78' lang='lat' dir='ltr'>funibus</span> <span class='ocrx_word' id='word_1_263' title='bbox 2093 3565 2199 3619; x_wconf 79' lang='lat' dir='ltr'>pecca-</span> 
     </span>
    </p>
   </div>
   <div class='ocr_carea' id='block_1_7' title="bbox 528 3656 1244 3734">
    <p class='ocr_par' dir='ltr' id='par_1_10' title="bbox 528 3656 1244 3734">
     <span class='ocr_line' id='line_1_26' title="bbox 528 3656 1244 3734; baseline -0.014 -15"><span class='ocrx_word' id='word_1_264' title='bbox 528 3674 617 3719; x_wconf 82' lang='lat' dir='ltr'>toram</span> <span class='ocrx_word' id='word_1_265' title='bbox 642 3680 759 3716; x_wconf 78' lang='lat' dir='ltr'>suorum</span> <span class='ocrx_word' id='word_1_266' title='bbox 783 3659 980 3734; x_wconf 76' lang='lat' dir='ltr'>vrttes-quisque</span> <span class='ocrx_word' id='word_1_267' title='bbox 1002 3656 1244 3730; x_wconf 73' lang='lat' dir='ltr'>c‹›nstrinpr&#39;tur.“</span> 
     </span>
    </p>
   </div>
   <div class='ocr_carea' id='block_1_8' title="bbox 1159 3833 1574 3900">
    <p class='ocr_par' dir='ltr' id='par_1_11' title="bbox 1159 3833 1574 3900">
     <span class='ocr_line' id='line_1_27' title="bbox 1159 3833 1574 3900; baseline 0.002 -3"><span class='ocrx_word' id='word_1_268' title='bbox 1159 3834 1216 3900; x_wconf 88' lang='lat' dir='ltr'>lX.</span> <span class='ocrx_word' id='word_1_269' title='bbox 1259 3833 1320 3897; x_wconf 85' lang='lat' dir='ltr'>DE</span> <span class='ocrx_word' id='word_1_270' title='bbox 1344 3835 1574 3898; x_wconf 59' lang='lat' dir='ltr'>&#39;l‘AltTAalsL</span> 
     </span>
    </p>
   </div>
   <div class='ocr_carea' id='block_1_9' title="bbox 492 3966 2239 5096">
    <p class='ocr_par' dir='ltr' id='par_1_12' title="bbox 492 3966 2239 5096">
     <span class='ocr_line' id='line_1_28' title="bbox 495 3966 2200 4055; baseline 0.001 -22"><span class='ocrx_word' id='word_1_271' title='bbox 495 3973 507 4021; x_wconf 88' lang='lat' dir='ltr'>l</span> <span class='ocrx_word' id='word_1_272' title='bbox 651 3971 812 4033; x_wconf 85' lang='lat' dir='ltr'>lntrantes</span> <span class='ocrx_word' id='word_1_273' title='bbox 845 3977 953 4032; x_wconf 87' lang='lat' dir='ltr'>autem</span> <span class='ocrx_word' id='word_1_274' title='bbox 981 3968 1065 4030; x_wconf 83' lang='lat' dir='ltr'>infra</span> <span class='ocrx_word' id='word_1_275' title='bbox 1095 3966 1291 4031; x_wconf 86' lang='lat' dir='ltr'>Thurchiam</span> <span class='ocrx_word' id='word_1_276' title='bbox 1322 3968 1501 4030; x_wconf 83' lang='lat' dir='ltr'>inuenimus</span> <span class='ocrx_word' id='word_1_277' title='bbox 1531 3967 1715 4032; x_wconf 85' lang='lat' dir='ltr'>horribilem</span> <span class='ocrx_word' id='word_1_278' title='bbox 1752 3981 1783 4032; x_wconf 89' lang='lat' dir='ltr'>et</span> <span class='ocrx_word' id='word_1_279' title='bbox 1811 3982 2046 4033; x_wconf 83' lang='lat' dir='ltr'>monstruosam</span> <span class='ocrx_word' id='word_1_280' title='bbox 2071 3982 2200 4055; x_wconf 84' lang='lat' dir='ltr'>gentem</span> 
     </span>
     <span class='ocr_line' id='line_1_29' title="bbox 494 4081 2200 4158; baseline 0 -8"><span class='ocrx_word' id='word_1_281' title='bbox 494 4087 750 4158; x_wconf 82' lang='lat' dir='ltr'>2Tartarorum.</span> <span class='ocrx_word' id='word_1_282' title='bbox 804 4084 966 4147; x_wconf 82' lang='lat' dir='ltr'>Differunt</span> <span class='ocrx_word' id='word_1_283' title='bbox 996 4098 1102 4147; x_wconf 88' lang='lat' dir='ltr'>autem</span> <span class='ocrx_word' id='word_1_284' title='bbox 1133 4082 1265 4144; x_wconf 83' lang='lat' dir='ltr'>Tartari</span> <span class='ocrx_word' id='word_1_285' title='bbox 1292 4081 1424 4145; x_wconf 91' lang='lat' dir='ltr'>multum</span> <span class='ocrx_word' id='word_1_286' title='bbox 1454 4082 1495 4146; x_wconf 90' lang='lat' dir='ltr'>ab</span> <span class='ocrx_word' id='word_1_287' title='bbox 1524 4083 1671 4146; x_wconf 88' lang='lat' dir='ltr'>omnibus</span> <span class='ocrx_word' id='word_1_288' title='bbox 1705 4084 1776 4147; x_wconf 89' lang='lat' dir='ltr'>aliis</span> <span class='ocrx_word' id='word_1_289' title='bbox 1804 4084 1993 4149; x_wconf 82' lang='lat' dir='ltr'>nacionibus</span> <span class='ocrx_word' id='word_1_290' title='bbox 2022 4086 2134 4150; x_wconf 88' lang='lat' dir='ltr'>mundi</span> <span class='ocrx_word' id='word_1_291' title='bbox 2168 4088 2200 4150; x_wconf 88' lang='lat' dir='ltr'>in</span> 
     </span>
     <span class='ocr_line' id='line_1_30' title="bbox 494 4198 2200 4290; baseline -0.001 -24"><span class='ocrx_word' id='word_1_292' title='bbox 494 4226 674 4290; x_wconf 75' lang='lat' dir='ltr'>apersoua,</span> <span class='ocrx_word' id='word_1_293' title='bbox 697 4200 841 4265; x_wconf 89' lang='lat' dir='ltr'>moribus</span> <span class='ocrx_word' id='word_1_294' title='bbox 864 4213 894 4263; x_wconf 92' lang='lat' dir='ltr'>et</span> <span class='ocrx_word' id='word_1_295' title='bbox 917 4202 987 4263; x_wconf 87' lang='lat' dir='ltr'>ritu.</span> <span class='ocrx_word' id='word_1_296' title='bbox 1028 4199 1065 4262; x_wconf 90' lang='lat' dir='ltr'>ln</span> <span class='ocrx_word' id='word_1_297' title='bbox 1090 4220 1229 4283; x_wconf 85' lang='lat' dir='ltr'>persona</span> <span class='ocrx_word' id='word_1_298' title='bbox 1251 4210 1369 4278; x_wconf 85' lang='lat' dir='ltr'>autem,</span> <span class='ocrx_word' id='word_1_299' title='bbox 1392 4200 1468 4284; x_wconf 90' lang='lat' dir='ltr'>quia</span> <span class='ocrx_word' id='word_1_300' title='bbox 1490 4198 1608 4262; x_wconf 88' lang='lat' dir='ltr'>habent</span> <span class='ocrx_word' id='word_1_301' title='bbox 1631 4222 1766 4283; x_wconf 86' lang='lat' dir='ltr'>magnas</span> <span class='ocrx_word' id='word_1_302' title='bbox 1788 4213 1820 4263; x_wconf 92' lang='lat' dir='ltr'>et</span> <span class='ocrx_word' id='word_1_303' title='bbox 1841 4201 1923 4264; x_wconf 86' lang='lat' dir='ltr'>latas</span> <span class='ocrx_word' id='word_1_304' title='bbox 1946 4202 2045 4264; x_wconf 77' lang='lat' dir='ltr'>iacies</span> <span class='ocrx_word' id='word_1_305' title='bbox 2074 4212 2106 4264; x_wconf 90' lang='lat' dir='ltr'>et</span> <span class='ocrx_word' id='word_1_306' title='bbox 2128 4223 2200 4266; x_wconf 89' lang='lat' dir='ltr'>oeu-</span> 
     </span>
     <span class='ocr_line' id='line_1_31' title="bbox 527 4313 2201 4404; baseline -0.002 -22"><span class='ocrx_word' id='word_1_307' title='bbox 527 4319 575 4384; x_wconf 90' lang='lat' dir='ltr'>los</span> <span class='ocrx_word' id='word_1_308' title='bbox 598 4341 736 4404; x_wconf 89' lang='lat' dir='ltr'>paruos,</span> <span class='ocrx_word' id='word_1_309' title='bbox 757 4317 851 4400; x_wconf 78' lang='lat' dir='ltr'>(prasi</span> <span class='ocrx_word' id='word_1_310' title='bbox 872 4316 1059 4387; x_wconf 74' lang='lat' dir='ltr'>fissuras&#39;&#39;·¹,=</span> <span class='ocrx_word' id='word_1_311' title='bbox 1088 4313 1245 4400; x_wconf 83' lang='lat' dir='ltr'>quasdam</span> <span class='ocrx_word' id='word_1_312' title='bbox 1275 4337 1333 4399; x_wconf 89' lang='lat' dir='ltr'>per</span> <span class='ocrx_word' id='word_1_313' title='bbox 1356 4326 1577 4378; x_wconf 87' lang='lat' dir='ltr'>transuersum</span> <span class='ocrx_word' id='word_1_314' title='bbox 1599 4316 1631 4378; x_wconf 92' lang='lat' dir='ltr'>in</span> <span class='ocrx_word' id='word_1_315' title='bbox 1654 4315 1759 4379; x_wconf 88' lang='lat' dir='ltr'>media</span> <span class='ocrx_word' id='word_1_316' title='bbox 1781 4318 1882 4398; x_wconf 73' lang='lat' dir='ltr'>lacis,</span> <span class='ocrx_word' id='word_1_317' title='bbox 1916 4332 1947 4380; x_wconf 87' lang='lat' dir='ltr'>et</span> <span class='ocrx_word' id='word_1_318' title='bbox 1967 4338 2103 4402; x_wconf 85' lang='lat' dir='ltr'>paruam</span> <span class='ocrx_word' id='word_1_319' title='bbox 2127 4314 2201 4379; x_wconf 84' lang='lat' dir='ltr'>bar·</span> 
     </span>
     <span class='ocr_line' id='line_1_32' title="bbox 493 4423 2199 4516; baseline -0.001 -19"><span class='ocrx_word' id='word_1_320' title='bbox 493 4433 620 4513; x_wconf 80' lang='lat' dir='ltr'>4bam,</span> <span class='ocrx_word' id='word_1_321' title='bbox 653 4437 698 4496; x_wconf 86' lang='lat' dir='ltr'>ita</span> <span class='ocrx_word' id='word_1_322' title='bbox 720 4424 806 4516; x_wconf 90' lang='lat' dir='ltr'>quod</span> <span class='ocrx_word' id='word_1_323' title='bbox 826 4430 917 4494; x_wconf 87' lang='lat' dir='ltr'>nmlti</span> <span class='ocrx_word' id='word_1_324' title='bbox 940 4423 1049 4494; x_wconf 85' lang='lat' dir='ltr'>eorum</span> <span class='ocrx_word' id='word_1_325' title='bbox 1073 4429 1194 4492; x_wconf 88' lang='lat' dir='ltr'>similes</span> <span class='ocrx_word' id='word_1_326' title='bbox 1216 4442 1290 4492; x_wconf 89' lang='lat' dir='ltr'>sunt</span> <span class='ocrx_word' id='word_1_327' title='bbox 1312 4432 1469 4512; x_wconf 57' lang='lat' dir='ltr'>sinuat-³),</span> <span class='ocrx_word' id='word_1_328' title='bbox 1501 4446 1532 4494; x_wconf 87' lang='lat' dir='ltr'>et</span> <span class='ocrx_word' id='word_1_329' title='bbox 1555 4433 1696 4494; x_wconf 82' lang='lat' dir='ltr'>inaximo</span> <span class='ocrx_word' id='word_1_330' title='bbox 1718 4455 1818 4496; x_wconf 88' lang='lat' dir='ltr'>senes.</span> <span class='ocrx_word' id='word_1_331' title='bbox 1861 4433 1898 4497; x_wconf 95' lang='lat' dir='ltr'>ln</span> <span class='ocrx_word' id='word_1_332' title='bbox 1920 4431 2071 4496; x_wconf 86' lang='lat' dir='ltr'>omnibus</span> <span class='ocrx_word' id='word_1_333' title='bbox 2092 4441 2199 4495; x_wconf 81' lang='lat' dir='ltr'>autem</span> 
     </span>
     <span class='ocr_line' id='line_1_33' title="bbox 528 4545 2199 4633; baseline -0.001 -20"><span class='ocrx_word' id='word_1_334' title='bbox 528 4562 599 4613; x_wconf 89' lang='lat' dir='ltr'>sunt</span> <span class='ocrx_word' id='word_1_335' title='bbox 622 4546 794 4612; x_wconf 86' lang='lat' dir='ltr'>dissimiles</span> <span class='ocrx_word' id='word_1_336' title='bbox 817 4546 858 4608; x_wconf 87' lang='lat' dir='ltr'>ab</span> <span class='ocrx_word' id='word_1_337' title='bbox 881 4545 964 4623; x_wconf 86' lang='lat' dir='ltr'>aliis,</span> <span class='ocrx_word' id='word_1_338' title='bbox 987 4547 1064 4631; x_wconf 75' lang='lat' dir='ltr'>qum</span> <span class='ocrx_word' id='word_1_339' title='bbox 1086 4569 1143 4607; x_wconf 87' lang='lat' dir='ltr'>nec</span> <span class='ocrx_word' id='word_1_340' title='bbox 1158 4545 1370 4609; x_wconf 88' lang='lat' dir='ltr'>curialitatem</span> <span class='ocrx_word' id='word_1_341' title='bbox 1390 4546 1519 4629; x_wconf 89' lang='lat' dir='ltr'>habent,</span> <span class='ocrx_word' id='word_1_342' title='bbox 1542 4570 1600 4610; x_wconf 88' lang='lat' dir='ltr'>nec</span> <span class='ocrx_word' id='word_1_343' title='bbox 1622 4548 1859 4629; x_wconf 86' lang='lat' dir='ltr'>vcrecundiam,</span> <span class='ocrx_word' id='word_1_344' title='bbox 1880 4572 1939 4612; x_wconf 91' lang='lat' dir='ltr'>nee</span> <span class='ocrx_word' id='word_1_345' title='bbox 1957 4547 2199 4633; x_wconf 86' lang='lat' dir='ltr'>gratitudinem,</span> 
     </span>
     <span class='ocr_line' id='line_1_34' title="bbox 526 4660 2201 4746; baseline 0 -19"><span class='ocrx_word' id='word_1_346' title='bbox 526 4688 584 4727; x_wconf 87' lang='lat' dir='ltr'>nec</span> <span class='ocrx_word' id='word_1_347' title='bbox 608 4686 748 4726; x_wconf 90' lang='lat' dir='ltr'>amorem</span> <span class='ocrx_word' id='word_1_348' title='bbox 772 4660 814 4723; x_wconf 87' lang='lat' dir='ltr'>ad</span> <span class='ocrx_word' id='word_1_349' title='bbox 836 4661 975 4746; x_wconf 88' lang='lat' dir='ltr'>aliquem</span> <span class='ocrx_word' id='word_1_350' title='bbox 990 4661 1094 4725; x_wconf 86' lang='lat' dir='ltr'>locum</span> <span class='ocrx_word' id='word_1_351' title='bbox 1107 4663 1157 4741; x_wconf 73' lang='lat'>⁴³³),</span> <span class='ocrx_word' id='word_1_352' title='bbox 1181 4673 1215 4724; x_wconf 91' lang='lat' dir='ltr'>vt</span> <span class='ocrx_word' id='word_1_353' title='bbox 1230 4661 1292 4725; x_wconf 89' lang='lat' dir='ltr'>alie</span> <span class='ocrx_word' id='word_1_354' title='bbox 1311 4665 1471 4743; x_wconf 87' lang='lat' dir='ltr'>naciones,</span> <span class='ocrx_word' id='word_1_355' title='bbox 1496 4662 1551 4726; x_wconf 90' lang='lat' dir='ltr'>scd</span> <span class='ocrx_word' id='word_1_356' title='bbox 1570 4662 1719 4727; x_wconf 83' lang='lat' dir='ltr'>videntur</span> <span class='ocrx_word' id='word_1_357' title='bbox 1734 4662 1875 4741; x_wconf 52' lang='lat' dir='ltr'>adirem)</span> <span class='ocrx_word' id='word_1_358' title='bbox 1890 4686 2015 4728; x_wconf 89' lang='lat' dir='ltr'>omnem</span> <span class='ocrx_word' id='word_1_359' title='bbox 2034 4665 2201 4728; x_wconf 81' lang='lat' dir='ltr'>ciuitatem</span> 
     </span>
     <span class='ocr_line' id='line_1_35' title="bbox 493 4774 2201 4859; baseline 0 -15"><span class='ocrx_word' id='word_1_360' title='bbox 493 4794 557 4844; x_wconf 77' lang='lat' dir='ltr'>tet</span> <span class='ocrx_word' id='word_1_361' title='bbox 579 4803 671 4844; x_wconf 90' lang='lat' dir='ltr'>omne</span> <span class='ocrx_word' id='word_1_362' title='bbox 694 4776 854 4841; x_wconf 87' lang='lat' dir='ltr'>edificium</span> <span class='ocrx_word' id='word_1_363' title='bbox 878 4774 1101 4840; x_wconf 87' lang='lat' dir='ltr'>habitacionis.</span> <span class='ocrx_word' id='word_1_364' title='bbox 1147 4776 1228 4839; x_wconf 87' lang='lat' dir='ltr'>Nam</span> <span class='ocrx_word' id='word_1_365' title='bbox 1256 4778 1349 4859; x_wconf 90' lang='lat' dir='ltr'>quasi</span> <span class='ocrx_word' id='word_1_366' title='bbox 1378 4800 1488 4841; x_wconf 86' lang='lat' dir='ltr'>omnes</span> <span class='ocrx_word' id='word_1_367' title='bbox 1511 4782 1656 4842; x_wconf 85' lang='lat' dir='ltr'>ciuitates</span> <span class='ocrx_word' id='word_1_368' title='bbox 1679 4792 1710 4843; x_wconf 88' lang='lat' dir='ltr'>ct.</span> <span class='ocrx_word' id='word_1_369' title='bbox 1733 4792 1841 4842; x_wconf 88' lang='lat' dir='ltr'>castra</span> <span class='ocrx_word' id='word_1_370' title='bbox 1870 4790 1901 4842; x_wconf 93' lang='lat' dir='ltr'>et</span> <span class='ocrx_word' id='word_1_371' title='bbox 1924 4779 2147 4844; x_wconf 82' lang='lat' dir='ltr'>habitaciones</span> <span class='ocrx_word' id='word_1_372' title='bbox 2169 4791 2201 4844; x_wconf 82' lang='lat' dir='ltr'>et</span> 
     </span>
     <span class='ocr_line' id='line_1_36' title="bbox 526 4889 2200 4979; baseline 0.001 -20"><span class='ocrx_word' id='word_1_373' title='bbox 526 4894 655 4959; x_wconf 88' lang='lat' dir='ltr'>edificia</span> <span class='ocrx_word' id='word_1_374' title='bbox 674 4894 851 4973; x_wconf 88' lang='lat' dir='ltr'>destruunt,</span> <span class='ocrx_word' id='word_1_375' title='bbox 874 4889 1017 4955; x_wconf 84' lang='lat' dir='ltr'>utillum</span> <span class='ocrx_word' id='word_1_376' title='bbox 1039 4894 1143 4976; x_wconf 88' lang='lat' dir='ltr'>magis</span> <span class='ocrx_word' id='word_1_377' title='bbox 1162 4890 1279 4969; x_wconf 90' lang='lat' dir='ltr'>ledunt,</span> <span class='ocrx_word' id='word_1_378' title='bbox 1304 4896 1358 4978; x_wconf 89' lang='lat' dir='ltr'>qui</span> <span class='ocrx_word' id='word_1_379' title='bbox 1382 4916 1415 4956; x_wconf 88' lang='lat' dir='ltr'>sc</span> <span class='ocrx_word' id='word_1_380' title='bbox 1436 4897 1541 4979; x_wconf 87' lang='lat' dir='ltr'>magis</span> <span class='ocrx_word' id='word_1_381' title='bbox 1564 4895 1627 4959; x_wconf 91' lang='lat' dir='ltr'>illis</span> <span class='ocrx_word' id='word_1_382' title='bbox 1649 4895 1814 4976; x_wconf 84' lang='lat' dir='ltr'>humiliat3</span> <span class='ocrx_word' id='word_1_383' title='bbox 1838 4917 1963 4959; x_wconf 91' lang='lat' dir='ltr'>omnem</span> <span class='ocrx_word' id='word_1_384' title='bbox 1987 4906 2095 4960; x_wconf 91' lang='lat' dir='ltr'>autem</span> <span class='ocrx_word' id='word_1_385' title='bbox 2110 4918 2200 4961; x_wconf 88' lang='lat' dir='ltr'>reue-</span> 
     </span>
     <span class='ocr_line' id='line_1_37' title="bbox 492 5006 2239 5096; baseline 0.001 -23"><span class='ocrx_word' id='word_1_386' title='bbox 492 5011 667 5081; x_wconf 76' lang='lat' dir='ltr'>ereneiam</span> <span class='ocrx_word' id='word_1_387' title='bbox 692 5009 752 5071; x_wconf 90' lang='lat' dir='ltr'>sibi</span> <span class='ocrx_word' id='word_1_388' title='bbox 776 5009 894 5071; x_wconf 77' lang='lat' dir='ltr'>tactam</span> <span class='ocrx_word' id='word_1_389' title='bbox 917 5019 949 5070; x_wconf 90' lang='lat' dir='ltr'>et</span> <span class='ocrx_word' id='word_1_390' title='bbox 970 5028 1062 5070; x_wconf 78' lang='lat' dir='ltr'>cirine</span> <span class='ocrx_word' id='word_1_391' title='bbox 1081 5006 1268 5093; x_wconf 88' lang='lat' dir='ltr'>obsequium</span> <span class='ocrx_word' id='word_1_392' title='bbox 1290 5031 1354 5071; x_wconf 90' lang='lat' dir='ltr'>non</span> <span class='ocrx_word' id='word_1_393' title='bbox 1374 5021 1502 5093; x_wconf 87' lang='lat' dir='ltr'>gratum</span> <span class='ocrx_word' id='word_1_394' title='bbox 1525 5011 1586 5073; x_wconf 90' lang='lat' dir='ltr'>sibi</span> <span class='ocrx_word' id='word_1_395' title='bbox 1610 5024 1771 5096; x_wconf 88' lang='lat' dir='ltr'>reputant,</span> <span class='ocrx_word' id='word_1_396' title='bbox 1795 5010 1852 5074; x_wconf 90' lang='lat' dir='ltr'>sed</span> <span class='ocrx_word' id='word_1_397' title='bbox 1875 5010 2027 5076; x_wconf 79' lang='lat' dir='ltr'>debit-um.</span> <span class='ocrx_word' id='word_1_398' title='bbox 2075 5013 2199 5078; x_wconf 88' lang='lat' dir='ltr'>Dicunt</span> <span class='ocrx_word' id='word_1_399' title='bbox 2235 5066 2239 5074; x_wconf 95' lang='lat'>.</span> 
     </span>
    </p>
   </div>
   <div class='ocr_carea' id='block_1_10' title="bbox 523 5175 2201 5948">
    <p class='ocr_par' dir='ltr' id='par_1_13' title="bbox 523 5175 2201 5948">
     <span class='ocr_line' id='line_1_38' title="bbox 526 5175 2201 5259; baseline 0.002 -23"><span class='ocrx_word' id='word_1_400' title='bbox 526 5179 697 5249; x_wconf 85' lang='lat' dir='ltr'>Armeniae,</span> <span class='ocrx_word' id='word_1_401' title='bbox 724 5177 802 5255; x_wconf 91' lang='lat' dir='ltr'>quod</span> <span class='ocrx_word' id='word_1_402' title='bbox 825 5195 947 5253; x_wconf 89' lang='lat' dir='ltr'>regnum</span> <span class='ocrx_word' id='word_1_403' title='bbox 976 5175 1116 5232; x_wconf 88' lang='lat' dir='ltr'>continuit</span> <span class='ocrx_word' id='word_1_404' title='bbox 1137 5185 1247 5252; x_wconf 88' lang='lat' dir='ltr'>partem</span> <span class='ocrx_word' id='word_1_405' title='bbox 1270 5175 1339 5233; x_wconf 81' lang='lat' dir='ltr'>Cili·</span> <span class='ocrx_word' id='word_1_406' title='bbox 1450 5183 1499 5239; x_wconf 71' lang='lat'>58)</span> <span class='ocrx_word' id='word_1_407' title='bbox 1522 5180 1599 5254; x_wconf 71' lang='lat' dir='ltr'>sarit]</span> <span class='ocrx_word' id='word_1_408' title='bbox 1622 5180 1732 5237; x_wconf 85' lang='lat' dir='ltr'>Notum</span> <span class='ocrx_word' id='word_1_409' title='bbox 1755 5190 1807 5253; x_wconf 89' lang='lat' dir='ltr'>est,</span> <span class='ocrx_word' id='word_1_410' title='bbox 1830 5179 1886 5238; x_wconf 93' lang='lat' dir='ltr'>hoe</span> <span class='ocrx_word' id='word_1_411' title='bbox 1904 5178 2033 5238; x_wconf 83' lang='lat' dir='ltr'>Conradi</span> <span class='ocrx_word' id='word_1_412' title='bbox 2047 5180 2104 5239; x_wconf 73' lang='lat'>111:</span> <span class='ocrx_word' id='word_1_413' title='bbox 2125 5180 2201 5259; x_wconf 87' lang='lat' dir='ltr'>Imp.</span> 
     </span>
     <span class='ocr_line' id='line_1_39' title="bbox 525 5274 1897 5353; baseline 0 -16"><span class='ocrx_word' id='word_1_414' title='bbox 525 5279 588 5337; x_wconf 83' lang='lat' dir='ltr'>cias</span> <span class='ocrx_word' id='word_1_415' title='bbox 609 5287 639 5335; x_wconf 89' lang='lat' dir='ltr'>et</span> <span class='ocrx_word' id='word_1_416' title='bbox 652 5274 868 5353; x_wconf 84' lang='lat' dir='ltr'>Cappadociae.</span> <span class='ocrx_word' id='word_1_417' title='bbox 906 5274 1087 5352; x_wconf 80' lang='lat' dir='ltr'>Mopsuestia</span> <span class='ocrx_word' id='word_1_418' title='bbox 1108 5275 1137 5330; x_wconf 90' lang='lat' dir='ltr'>in</span> <span class='ocrx_word' id='word_1_419' title='bbox 1152 5275 1246 5332; x_wconf 89' lang='lat' dir='ltr'>medio</span> <span class='ocrx_word' id='word_1_420' title='bbox 1268 5294 1342 5333; x_wconf 86' lang='lat' dir='ltr'>aevo</span> <span class='ocrx_word' id='word_1_421' title='bbox 1385 5278 1523 5334; x_wconf 87' lang='lat' dir='ltr'>exercitui</span> <span class='ocrx_word' id='word_1_422' title='bbox 1545 5297 1622 5335; x_wconf 85' lang='lat' dir='ltr'>anuo</span> <span class='ocrx_word' id='word_1_423' title='bbox 1649 5284 1723 5337; x_wconf 84' lang='grc'><strong>1147</strong></span> <span class='ocrx_word' id='word_1_424' title='bbox 1747 5278 1897 5337; x_wconf 87' lang='lat' dir='ltr'>accidisse.</span> 
     </span>
     <span class='ocr_line' id='line_1_40' title="bbox 523 5371 1721 5450; baseline -0.002 -16"><span class='ocrx_word' id='word_1_425' title='bbox 523 5374 704 5433; x_wconf 82' lang='lat' dir='ltr'>Mamistram</span> <span class='ocrx_word' id='word_1_426' title='bbox 726 5371 832 5430; x_wconf 89' lang='lat' dir='ltr'>dietam</span> <span class='ocrx_word' id='word_1_427' title='bbox 854 5393 919 5431; x_wconf 90' lang='lat' dir='ltr'>esse</span> <span class='ocrx_word' id='word_1_428' title='bbox 941 5383 1062 5430; x_wconf 89' lang='lat' dir='ltr'>constat.</span> <span class='ocrx_word' id='word_1_429' title='bbox 1451 5382 1499 5443; x_wconf 70' lang='grc'>59).</span> <span class='ocrx_word' id='word_1_430' title='bbox 1523 5377 1627 5450; x_wconf 83' lang='lat' dir='ltr'>eoram]</span> <span class='ocrx_word' id='word_1_431' title='bbox 1652 5378 1721 5435; x_wconf 88' lang='lat' dir='ltr'>suis.</span> 
     </span>
     <span class='ocr_line' id='line_1_41' title="bbox 1447 5474 1786 5542; baseline 0.015 -11"><span class='ocrx_word' id='word_1_432' title='bbox 1447 5481 1497 5542; x_wconf 76' lang='lat'>60)</span> <span class='ocrx_word' id='word_1_433' title='bbox 1520 5474 1658 5534; x_wconf 85' lang='lat' dir='ltr'>l&#39;roverb.</span> <span class='ocrx_word' id='word_1_434' title='bbox 1681 5475 1717 5535; x_wconf 94' lang='lat' dir='ltr'>V.</span> <span class='ocrx_word' id='word_1_435' title='bbox 1739 5480 1786 5536; x_wconf 80' lang='lat'>22.</span> 
     </span>
     <span class='ocr_line' id='line_1_42' title="bbox 1445 5571 1691 5650; baseline 0.004 -18"><span class='ocrx_word' id='word_1_436' title='bbox 1445 5578 1496 5646; x_wconf 77' lang='lat' dir='ltr'>bl)</span> <span class='ocrx_word' id='word_1_437' title='bbox 1509 5574 1633 5650; x_wconf 67' lang='lat' dir='ltr'>stateras</span> <span class='ocrx_word' id='word_1_438' title='bbox 1657 5571 1691 5633; x_wconf 89' lang='lat' dir='ltr'>G.</span> 
     </span>
     <span class='ocr_line' id='line_1_43' title="bbox 1445 5670 1670 5747; baseline 0.004 -17"><span class='ocrx_word' id='word_1_439' title='bbox 1445 5675 1496 5743; x_wconf 75' lang='grc'>62)</span> <span class='ocrx_word' id='word_1_440' title='bbox 1518 5691 1611 5747; x_wconf 72' lang='lat' dir='ltr'>sparsae</span> <span class='ocrx_word' id='word_1_441' title='bbox 1634 5670 1670 5731; x_wconf 73' lang='grc' dir='ltr'>(ι.</span> 
     </span>
     <span class='ocr_line' id='line_1_44' title="bbox 588 5768 2057 5846; baseline -0.001 -15"><span class='ocrx_word' id='word_1_442' title='bbox 588 5779 636 5843; x_wconf 79' lang='grc'>57)</span> <span class='ocrx_word' id='word_1_443' title='bbox 660 5773 689 5828; x_wconf 81' lang='lat' dir='ltr'>in</span> <span class='ocrx_word' id='word_1_444' title='bbox 711 5792 807 5829; x_wconf 73' lang='lat' dir='ltr'>marnes</span> <span class='ocrx_word' id='word_1_445' title='bbox 824 5780 932 5845; x_wconf 83' lang='lat' dir='ltr'>portes</span> <span class='ocrx_word' id='word_1_446' title='bbox 954 5768 1120 5842; x_wconf 64' lang='lat' dir='ltr'>orientales]</span> <span class='ocrx_word' id='word_1_447' title='bbox 1154 5769 1183 5825; x_wconf 90' lang='lat' dir='ltr'>in</span> <span class='ocrx_word' id='word_1_448' title='bbox 1205 5770 1339 5829; x_wconf 86' lang='lat' dir='ltr'>omnibus</span> <span class='ocrx_word' id='word_1_449' title='bbox 1446 5776 1494 5841; x_wconf 69' lang='lat'>633·</span> <span class='ocrx_word' id='word_1_450' title='bbox 1518 5791 1645 5828; x_wconf 67' lang='lat' dir='ltr'>«artiorem</span> <span class='ocrx_word' id='word_1_451' title='bbox 1664 5805 1702 5812; x_wconf 95' lang='lat'><strong>—</strong></span> <span class='ocrx_word' id='word_1_452' title='bbox 1725 5771 1824 5846; x_wconf 84' lang='lat' dir='ltr'>locum]</span> <span class='ocrx_word' id='word_1_453' title='bbox 1849 5771 1971 5830; x_wconf 86' lang='lat' dir='ltr'>alieuius</span> <span class='ocrx_word' id='word_1_454' title='bbox 1992 5770 2057 5830; x_wconf 86' lang='lat' dir='ltr'>loci.</span> 
     </span>
     <span class='ocr_line' id='line_1_45' title="bbox 525 5869 1736 5948; baseline 0.001 -20"><span class='ocrx_word' id='word_1_455' title='bbox 525 5870 655 5948; x_wconf 87' lang='lat' dir='ltr'>partibus</span> <span class='ocrx_word' id='word_1_456' title='bbox 678 5869 874 5929; x_wconf 86' lang='lat' dir='ltr'>orientalibus.</span> <span class='ocrx_word' id='word_1_457' title='bbox 1444 5875 1494 5941; x_wconf 77' lang='lat'>64)</span> <span class='ocrx_word' id='word_1_458' title='bbox 1517 5871 1609 5944; x_wconf 81' lang='lat' dir='ltr'>odire]</span> <span class='ocrx_word' id='word_1_459' title='bbox 1632 5869 1736 5929; x_wconf 90' lang='lat' dir='ltr'>odisse.</span> 
     </span>
    </p>
   </div>
   <div class='ocr_carea' id='block_1_11' title="bbox 525 5520 1340 5696">
    <p class='ocr_par' dir='ltr' id='par_1_14' title="bbox 525 5520 1340 5696">
     <span class='ocr_line' id='line_1_46' title="bbox 587 5520 1340 5598; baseline 0.003 -18"><span class='ocrx_word' id='word_1_460' title='bbox 587 5529 636 5587; x_wconf 69' lang='lat'>56}</span> <span class='ocrx_word' id='word_1_461' title='bbox 667 5523 731 5598; x_wconf 80' lang='lat' dir='ltr'>Det]</span> <span class='ocrx_word' id='word_1_462' title='bbox 771 5523 817 5580; x_wconf 79' lang='lat' dir='ltr'>lle</span> <span class='ocrx_word' id='word_1_463' title='bbox 851 5520 1010 5581; x_wconf 79' lang='lat' dir='ltr'>&#39;Plreotloro</span> <span class='ocrx_word' id='word_1_464' title='bbox 1047 5520 1247 5597; x_wconf 79' lang='lat' dir='ltr'>Mopsuestino</span> <span class='ocrx_word' id='word_1_465' title='bbox 1283 5522 1340 5583; x_wconf 91' lang='lat' dir='ltr'>vid.</span> 
     </span>
     <span class='ocr_line' id='line_1_47' title="bbox 525 5619 1200 5696; baseline -0.004 -16"><span class='ocrx_word' id='word_1_466' title='bbox 525 5623 655 5682; x_wconf 85' lang='lat' dir='ltr'>Neandri</span> <span class='ocrx_word' id='word_1_467' title='bbox 679 5622 743 5681; x_wconf 90' lang='lat' dir='ltr'>bist.</span> <span class='ocrx_word' id='word_1_468' title='bbox 766 5622 839 5681; x_wconf 87' lang='lat' dir='ltr'>ecel.</span> <span class='ocrx_word' id='word_1_469' title='bbox 861 5632 879 5679; x_wconf 85' lang='lat' dir='ltr'>t.</span> <span class='ocrx_word' id='word_1_470' title='bbox 903 5621 934 5678; x_wconf 89' lang='lat'>11</span> <span class='ocrx_word' id='word_1_471' title='bbox 956 5619 990 5677; x_wconf 90' lang='lat' dir='ltr'>P.</span> <span class='ocrx_word' id='word_1_472' title='bbox 1013 5619 1058 5677; x_wconf 90' lang='lat'>111</span> <span class='ocrx_word' id='word_1_473' title='bbox 1081 5639 1109 5696; x_wconf 92' lang='lat' dir='ltr'>p.</span> <span class='ocrx_word' id='word_1_474' title='bbox 1132 5624 1200 5679; x_wconf 86' lang='grc'><strong>944.</strong></span> 
     </span>
    </p>
   </div>
   <div class='ocr_carea' id='block_1_12' title="bbox 0 0 2672 6965">
    <p class='ocr_par' dir='ltr' id='par_1_15' title="bbox 0 0 2672 6965">
     <span class='ocr_line' id='line_1_48' title="bbox 0 0 2672 6965; baseline 0 0"><span class='ocrx_word' id='word_1_475' title='bbox 0 0 2672 6965; x_wconf 95' lang='lat' dir='ltr'> </span> 
     </span>
    </p>
   </div>
  </div>
 </body>
</html>
