5334 6975
1330 681 1389 745 187

498 879 570 921 mus
592 859 699 943 ipsam
721 857 891 921 eeclesiam
913 865 945 921 et
966 859 1132 945 preciosas
1154 857 1227 923 illas
1249 858 1445 943 margaritas
1468 880 1578 923 coram
1599 862 1767 945 porcis-
1789 857 1997 945 prohdolor!
2020 896 2062 908 --
2082 883 2173 928 man·

495 971 662 1037 ducendas
684 983 716 1037 et
737 974 845 1058 ipsum
865 971 979 1038 locum.
1021 974 1121 1040 Pater
1135 974 1264 1057 Sancte,
1285 983 1320 1038 ut
1342 996 1472 1039 seruum
1493 972 1681 1054 redimeres,
1702 972 1823 1037 Filium
1844 974 2025 1040 tradidisti!
2046 975 2091 1040 Et
2114 999 2172 1064 per
2190 948 2223 1069 ζ)

495 1110 566 1153 eam
588 1099 717 1174 portam
738 1086 868 1170 Dauid,
897 1110 955 1175 pcr
973 1112 1070 1177 quam
1092 1090 1346 1172 intraueramus‚
1376 1091 1467 1155 exire
1498 1087 1765 1177 permittebamur
1795 1089 1929 1177 reliquis
1951 1093 2072 1157 sanctis
2092 1091 2172 1159 locis

495 1206 528 1268 in
549 1205 681 1269 ciuitate
701 1202 843 1269 nondum
867 1206 1055 1291 perspectis.
1719 1269 1744 1304 φ

618 1320 689 1385 VII.
734 1319 814 1384 Inde
834 1341 938 1406 prope
963 1343 1073 1386 muros
1097 1322 1249 1402 ciuitatis,
1272 1322 1329 1408 qui
1350 1322 1458 1386 turriti
1480 1334 1512 1385 et
1533 1322 1609 1385 noui
1631 1329 1663 1384 et
1683 1320 1853 1386 fortissimi
1868 1331 1952 1402 sunt,
1975 1322 2200 1390 descendes-t

494 1441 543 1498 tes
565 1436 776 1500 transiuimus
798 1443 927 1521 portam
948 1441 1027 1499 beati
1048 1440 1209 1517 Stephani,
1236 1447 1267 1501 et
1288 1436 1430 1503 uidimus
1446 1450 1569 1516 portam
1597 1458 1736 1513 auream,
1767 1458 1830 1523 que
1851 1436 1973 1503 directe
1994 1442 2170 1526 opponitur

493 1551 594 1614 monti
616 1549 734 1616 oliueti.
776 1550 816 1615 In
838 1552 930 1617 cuius
951 1552 1077 1617 foribus
1098 1563 1147 1617 est
1166 1551 1306 1638 quedam
1327 1555 1487 1635 cisterna,
1516 1552 1691 1639 aliquando
1719 1551 1802 1617 adeo
1823 1552 1978 1637 fecunda,
2011 1566 2047 1620 ut
2068 1578 2110 1621 ex
2130 1573 2202 1624 eat
2225 1602 2230 1613 ·

493 1664 624 1751 quidam
645 1676 773 1733 torrens
795 1690 916 1754 paruus
938 1689 998 1753 per
1018 1668 1160 1733 medium
1183 1667 1278 1734 uallis
1295 1667 1453 1756 Iosophat
1473 1680 1506 1734 et
1525 1671 1560 1733 in
1583 1667 1668 1754 pede
1689 1667 1802 1733 oliueti
1823 1668 1985 1737 decurrat.
2020 1671 2086 1737 Iste
2109 1682 2202 1756 est,³

492 1802 586 1866 quem
613 1782 772 1849 Iohannes
801 1782 1070 1871 euangelista²²⁸)
1096 1795 1272 1849 torrentem
1303 1787 1421 1849 Gedros
1452 1782 1607 1872 appellat.
1657 1782 1755 1847 quta
1785 1807 1878 1869 quem
1907 1784 2003 1851 hodie
2030 1789 2093 1853 sita
2119 1798 2201 1857 este

492 1896 631 1983 quedam
660 1899 798 1965 eeclesia
825 1902 858 1964 in
886 1922 924 1966 eo
952 1899 1025 1965 loeo
1053 1900 1218 1982 edificata,
1246 1900 1279 1965 iu
1307 1922 1371 1987 quo
1392 1911 1538 1987 tempore
1559 1901 1721 1987 passionis
1742 1900 1877 1965 Domini
1903 1911 1974 1966 crat
1995 1912 2102 1985 ortus,
2134 1906 2169 1968 in

491 2034 586 2098 quem
607 2014 767 2080 Dominus
796 2037 868 2080 cum
896 2014 1067 2103 discipulis
1095 2018 1163 2082 suis
1190 2016 1376 2102 frequenter
1402 2018 1568 2098 conuenit,
1599 2017 1633 2080 in
1660 2037 1724 2102 quo
1752 2017 1856 2081 eciam
1885 2018 1959 2102 ipse
1980 2018 2168 2086 osculuma

491 2128 571 2192 Iuda
592 2130 750 2196 traditore
770 2134 906 2218 accepit.
948 2133 1001 2197 De
1023 2132 1139 2220 quibus
1162 2132 1310 2198 omnibus
1331 2141 1470 2197 testatur
1489 2131 1730 2214 Iohannes229),
1752 2130 1809 2196 ubi
1831 2131 1929 2198 dicit:
1951 2140 2102 2214 Eqressar
2125 2146 2201 2198 esta

492 2251 577 2307 laras
601 2259 689 2309 tram
711 2260 869 2310 torrentem
895 2250 1023 2330 Oedroa,
1045 2253 1095 2311 abi
1114 2264 1181 2312 erat
1203 2260 1299 2325 ortas,
1327 2252 1360 2310 ia
1381 2270 1466 2329 quem
1487 2251 1623 2310 introivit
1645 2252 1709 2328 ipse
1730 2259 1757 2310 et
1777 2252 1918 2329 discipali
1936 2257 2006 2314 eine.
2050 2254 2202 2313 Sciebott

491 2376 588 2424 autem
608 2376 635 2425 et
656 2369 752 2425 ladas
772 2369 850 2426 lane
870 2370 977 2439 locam,
1008 2372 1078 2446 qaia
1092 2374 1273 2446 frequenter
1291 2370 1378 2427 Iesus
1399 2377 1579 2426 conuenerat
1600 2368 1681 2428 illae.
1723 2363 1768 2427 Et
1786 2375 1923 2429 uocatur
1944 2343 2201 2432 istaecclesiat

491 2498 511 2542 a
531 2477 654 2564 populo
677 2482 818 2542 Sanctam
838 2484 934 2542 Pater
954 2480 1150 2563 Noster²³⁰)‚
1180 2490 1212 2545 et
1232 2480 1345 2546 dieunt
1365 2480 1543 2546 Dominum
1564 2481 1598 2544 in
1618 2501 1657 2545 eo
1686 2479 1757 2545 loco
1779 2479 1869 2544 illam
1889 2483 2069 2546 orationem
2091 2505 2167 2548 suos

491 2592 666 2680 discipulos
688 2597 794 2682 primo
816 2595 974 2661 docuisse.

613 2711 699 2776 VIII
740 2711 832 2777 Scire
853 2722 961 2777 autem
983 2711 1108 2777 debetis
1115 2760 1124 2795 ,
1156 2712 1233 2798 quia
1254 2717 1344 2775 uallis
1364 2716 1511 2792 iosaphat
1532 2712 1646 2798 incipit
1673 2715 1757 2777 inter
1775 2734 1886 2777 muros
1906 2711 2112 2779 Hierusalem
2134 2726 2167 2780 et
2187 2732 2205 2781 t·

490 2836 630 2890 montem
659 2826 780 2893 oliueti.
823 2828 894 2909 Quo
923 2830 957 2892 in
979 2803 1140 2916 principio
1164 2829 1214 2893 sui
1236 2839 1309 2892 arta
1324 2828 1606 2911 'etstrictissima,
1637 2829 1671 2893 in
1692 2828 1756 2893 fine
1778 2850 1870 2911 uero,
1904 2830 1958 2916 qui
1981 2830 2200 2897 extenditurt

489 2942 557 3006 fere
578 2941 621 3006 ad
642 2942 768 3007 miliare
789 2943 1021 3029 gallicanuw)
1050 2946 1085 3007 in
1106 2946 1261 3009 terminos
1281 2944 1466 3026 Bethleem,
1497 2946 1570 3030 ipsa
1597 2954 1646 3008 est
1673 2944 1843 3010 latissima.
1885 2944 1923 3010 In
1945 2946 2037 3010 cuius
2060 2950 2201 3033 eapitet

489 3058 631 3123 uidimus
663 3058 833 3124 eeclesiam
863 3062 983 3147 optime
1013 3061 1231 3138 ornatam²³¹)
1257 3070 1290 3125 st
1314 3062 1349 3125 in
1372 3059 1481 3125 medio
1513 3060 1563 3123 sui
1593 3074 1832 3124 monumentum
1859 3060 2003 3148 undiquc
2030 3060 2105 3127 albo
2136 3074 2167 3129 et

488 3176 638 3239 nimirum
660 3176 808 3260 uirgineo
829 3197 991 3240 marmore
1013 3186 1209 3258 contectum,
1238 3177 1273 3241 in
1302 3175 1389 3264 quod
1418 3174 1593 3262 aliquando
1616 3175 1755 3262 apostoli
1776 3174 2021 3242 immaculatum
2046 3200 2166 3266 eorpus

487 3290 581 3355 beate
602 3292 739 3375 uirginis
761 3290 989 3378 deposuerant,
1012 3292 1039 3356 si
1048 3294 1076 3368 δ)
1097 3291 1188 3375 illud,
1209 3291 1296 3378 quod

1030 3417 1168 3492 ,repente
1186 3411 1220 3470 fit
1239 3411 1382 3492 templum
1401 3406 1589 3490 Dci“⁰)²⁸²),

486 3523 542 3589 illa
562 3526 596 3588 in
618 3533 712 3610 parte
733 3523 847 3612 templi
869 3533 998 3610 poterat
1020 3525 1187 3589 contineri.
1229 3524 1268 3589 In
1294 3546 1357 3610 quo
1383 3525 1447 3611 ipsi
1479 3523 1686 3611 postmodum
1717 3544 1838 3598 manna
1860 3524 1978 3591 celeste
1999 3526 2071 3593 loco
2093 3531 2198 3594 cor-4

485 3641 578 3726 poris
604 3640 805 3705 inuenerunt.
849 3639 946 3722 Quod
975 3663 1062 3706 nune
1090 3643 1246 3728 temporis
1275 3642 1398 3706 suriani
1426 3638 1612 3705 sacerdotes
1635 3639 1826 3705 sarracenis
1847 3639 2013 3708 tributarii
2035 3646 2069 3708 in
2089 3647 2197 3710 con-5

487 3754 586 3841 digna
608 3758 817 3822 ueneratione
839 3756 1023 3823 obseruant.
1066 3758 1096 3824 Ο
1119 3759 1205 3821 mira
1225 3758 1314 3822 circa
1335 3779 1406 3839 nos,
1429 3755 1548 3821 Sancte
1569 3755 1678 3838 Pater,
1700 3754 1771 3820 Tae
1793 3758 1923 3843 pietatis
1946 3757 2107 3845 dignatio,
2128 3761 2197 3826 utss

485 3894 548 3936 uno
577 3870 754 3957 eodemque
786 3872 839 3939 die
868 3873 1053 3961 sepulerum
1082 3883 1195 3940 sancte
1221 3875 1335 3938 matris
1361 3883 1394 3938 et
1422 3873 1472 3937 sui
1500 3871 1592 3954 Filii,
1630 3871 1694 3936 Tui
1722 3870 1834 3937 Sancti
1862 3872 1965 3939 Uerbi
1991 3877 2163 3961 incarnati,
2220 3886 2223 3892 “

486 3986 598 4053 uidere
621 3989 833 4053 mereremur!
857 4025 897 4037 -
918 3991 1016 4056 quta
1038 3993 1180 4080 parietes
1202 3991 1306 4077 ipsius
1329 3987 1466 4053 ecclesie
1483 3988 1569 4052 iacet
1589 4010 1661 4067 aqer
1675 3992 1766 4070 sipili
1777 3989 1853 4071 ²³⁸),
1875 4011 1971 4076 quem
1993 3989 2085 4056 Iudei
2106 3994 2163 4058 tri·
2181 4020 2196 4070 r

485 4106 576 4189 ginta
603 4105 766 4190 argenteis
793 4104 916 4169 aIuda
943 4108 1074 4171 reiectis
1102 4108 1135 4170 in
1168 4103 1369 4192 sepulturam
1398 4103 1643 4191 peregrinorum
1674 4115 1958 4188 comparauerant
2001 4103 2066 4185 Qui
2086 4106 2196 4180 licets

485 4242 550 4284 non
572 4221 614 4285 sit
633 4220 758 4306 longus,
781 4220 986 4308 protenditur
1006 4233 1115 4286 tamen
1137 4243 1158 4286 a
1179 4222 1280 4285 muris
1301 4218 1510 4285 Hierusalem
1531 4238 1634 4302 usque
1655 4216 1699 4281 ad
1713 4229 1854 4283 montem
1870 4218 1990 4285 olineti.
2028 4221 2083 4288 Ex
2099 4244 2197 4311 quos

484 4335 705 4418 consideretis,
727 4338 804 4423 quia
823 4336 878 4401 illc
898 4354 990 4403 mons
1011 4337 1134 4402 directe
1155 4346 1206 4402 est
1226 4340 1308 4402 situs
1323 4357 1433 4422 super.
1466 4334 1519 4399 De
1531 4333 1594 4399 hoo
1605 4356 1686 4421 agro
1702 4333 1783 4399 dicit
1800 4333 1915 4401 beatus
1929 4335 2094 4403 Mattheus
2104 4340 2163 4418 ²³⁴)
2184 4364 2215 4414 ιο

482 4452 516 4514 in
538 4451 625 4517 hune
644 4453 792 4518 modum:
823 4457 951 4516 Consilio
979 4467 1075 4516 aetem
1104 4461 1177 4516 inito
1205 4463 1338 4515 animat
1359 4475 1397 4514 ee
1417 4455 1477 4513 illis
1499 4473 1605 4531 aprum
1616 4453 1707 4532 stpuli
1735 4454 1767 4511 ia
1785 4458 1968 4530 sepaltwam
1985 4463 2161 4536 percpi-iao·

484 4589 558 4630 ram.
600 4572 733 4648 Propter
752 4575 806 4633 itoe
826 4582 948 4633 uocatas
969 4583 1012 4632 eat
1034 4593 1107 4650 aper
1129 4574 1178 4633 ille
1197 4573 1407 4645 Haceldema,
1439 4572 1493 4629 loe
1513 4582 1556 4629 est
1582 4589 1656 4648 aper
1678 4571 1850 4646 scapulare,
1880 4577 2023 4651 usquein
2044 4576 2209 4650 dedier-11

483 4705 551 4745 nam
578 4689 662 4748 diem.
703 4684 741 4748 In
772 4706 835 4770 quo
862 4707 948 4750 nunc
976 4687 1133 4772 temporis
1156 4684 1355 4766 Christiani,
1386 4682 1643 4749 sarracenorum
1673 4684 1812 4769 captiui,
1841 4683 2051 4772 sepeliuntur.
2092 4688 2161 4754 Nec
2179 4676 2211 4796 l}

484 4799 611 4882 mirum,
634 4803 663 4864 si
684 4799 815 4866 domina
835 4811 965 4885 nostra,
988 4802 1172 4890 exemplum
1194 4803 1292 4867 totius
1315 4799 1523 4883 humilitatis,
1549 4802 1584 4864 in
1603 4800 1750 4868 terminis
1771 4797 1859 4865 illius
1883 4802 1954 4887 agri
1977 4801 2082 4868 locum
2103 4827 2160 4869 sue

549 4949 578 5017 a)
593 4948 725 5017 patim
743 4947 794 5002 Ed.
813 4977 845 4990 ·-
862 4949 891 5016 b)
909 4951 951 5006 ita
967 4952 996 5006 ai
1010 4950 1043 5007 B.
1063 4982 1093 4993 -
1112 4953 1140 5022 c)
1157 4947 1366 5007 Versumhune
1384 4964 1440 5004 uon
1456 4946 1582 5005 distinxit
1598 4963 1688 5018 neque
1707 4945 1740 5010 Β,
1757 4964 1848 5019 acque
1865 4947 1917 5004 Ed.

540 5089 613 5161 228)
635 5088 783 5146 Iohannes
802 5089 996 5166 euaapelista]
1018 5088 1139 5162 XVIII,
1164 5096 1188 5151 l.
1344 5092 1400 5149 142
1423 5086 1480 5146 Νο.
1502 5083 1609 5145 CXIX
1630 5078 1762 5148 str.'IV:

540 5256 612 5326 229)
636 5260 764 5311 testatur
784 5255 943 5332 Iolraaaes]
965 5255 1086 5330 XVHI,
1111 5263 1137 5317 l.
1508 5196 1897 5351 ffiffipmpoyeem,

541 5419 615 5496 230)
636 5416 666 5479 S.
695 5418 791 5476 Pater
821 5420 942 5496 Noster]
975 5420 1013 5482 V.
1040 5421 1154 5484 Toblcr
1184 5421 1231 5483 dio
1254 5420 1299 5482 si·
1508 5364 1878 5518 ἱζῗιξῡωὲοζῖἒῗρῑγιὶἶέἒ

477 5515 695 5597 1082332102
717 5516 971 5601 d0fo⁰¹b⁰fgli
993 5524 1166 5584 239‘242·
1347 5553 1438 5613 Hunc
1472 5573 1589 5613 versum
1631 5575 1668 5614 ex
1705 5572 1795 5633 prosa
1830 5551 1939 5614 codicis
1967 5563 1998 5614 et
2024 5553 2161 5617 editionis

539 5684 610 5750 231)
633 5682 782 5759 ornatam]
805 5682 842 5744 V.
862 5683 977 5745 'I'oblsr
999 5683 1131 5766 Siloahq.
1153 5709 1181 5767 p.
1199 5690 1298 5748 14³—
1339 5654 1470 5712 ⁰¹⁸⁶⁰¹¹⁰
1493 5654 1629 5714 mmm·
2136 5755 2143 5768 .

480 5785 545 5842 191,
1270 5781 1273 5791 ’
1403 5754 1475 5826 233)
1503 5772 1576 5829 aper
1599 5751 1698 5831 stant]
1731 5747 1769 5810 V.
1803 5749 1917 5811 chlcr
1948 5751 2162 5834 Topographre

1340 5870 1400 5912 von
1420 5850 1590 5912 Jerusalem
1611 5851 1653 5912 11.
1676 5852 1733 5911 267
1756 5869 1820 5930 sqq.

537 5949 609 6021 232)
631 5959 814 6025 repente-
835 5950 902 6026 Der]
930 5948 998 6011 vid.
1021 5948 1156 6012 Danielis
1177 5949 1252 6012 thes.
1274 5951 1298 6013 Ι.
1404 5953 1475 6023 234)
1496 5950 1646 6026 Matiene]
1670 5948 1806 6023 XXVII,
1831 5955 1857 6009 7.
1881 5954 1908 6010 8.

1897 6062 1949 6114 24⁸
