5334 6975
1474 667 1513 729 26

653 867 818 932 magnum,
842 846 884 911 ad
907 868 1000 933 quem
1020 868 1122 933 usque
1142 844 1296 909 Ionathas
1317 854 1506 932 persecutus
1529 851 1578 907 est
1600 865 1708 929 regem
1732 843 1953 924 Demetrium,
1977 845 2059 907 sicut
2081 843 2198 907 dicitur
2220 845 2331 930 primo

653 961 968 1038 Machabeorum⁵³).
1012 961 1077 1025 Iste
1105 960 1222 1024 fluuius
1251 961 1340 1024 uenit
1366 959 1407 1023 de
1428 959 1603 1035 Yturea⁶⁴)
1633 961 1702 1022 siue
1725 957 1852 1023 Galilea
1879 960 2028 1043 gencium
2041 962 2080 1037 ⁵⁵)
2088 1009 2097 1041 ,
2126 957 2166 1023 de
2187 959 2328 1025 confinio

652 1076 717 1157 illo,
741 1076 827 1163 quod
848 1075 1017 1140 dicebatur
1039 1078 1214 1163 antiquitus
1236 1085 1325 1139 terra
1344 1073 1520 1152 Roob⁸)⁵⁶)
1542 1085 1574 1138 et
1593 1086 1707 1161 postea
1720 1073 1891 1155 Kabulffi),
1913 1084 1944 1138 et
1964 1074 2035 1138 fluit
2055 1074 2114 1139 sub
2135 1085 2241 1140 castro
2257 1083 2327 1138 Bel·

649 1195 749 1268 forth)
763 1193 821 1269 ⁵⁸),
854 1190 940 1279 quod
973 1192 1032 1255 fuit
1057 1191 1177 1256 milicie
1206 1189 1387 1277 templill),
1414 1191 1506 1254 iuxta
1525 1188 1651 1253 Horma
1662 1192 1703 1267 60)
1711 1240 1720 1272 ,
1749 1211 1851 1277 usque
1872 1211 1934 1276 quo
1953 1188 2046 1254 losue
2068 1203 2255 1276 persecutus
2278 1202 2329 1257 est

653 1307 770 1371 XXXI
791 1329 896 1392 reges,
920 1309 1002 1371 sicut
1024 1307 1141 1371 dicitur
1162 1307 1318 1385 losue⁶¹).

618 1420 633 1466 9
774 1422 827 1487 De
848 1425 909 1489 isto
931 1423 1030 1488 fluuio
1051 1422 1093 1487 ad
1118 1423 1199 1486 duas
1221 1421 1330 1486 leucas
1353 1431 1403 1485 est
1425 1424 1557 1500 Sarepta
1571 1421 1822 1502 Sidoniorumll),
1843 1432 1919 1484 ante
1940 1422 2029 1485 cuius
2052 1429 2179 1508 portam
2199 1433 2327 1487 austra·

652 1538 714 1603 lem
745 1538 926 1605 ostenditur
957 1537 1082 1625 capella
1113 1540 1146 1602 in
1179 1538 1269 1620 loco,
1301 1536 1358 1602 ubi
1379 1534 1548 1612 Helias⁶³)
1570 1535 1729 1622 propheta
1750 1536 1838 1599 uenit
1858 1535 1899 1600 ad
1922 1535 2087 1601 mulierem
2109 1547 2326 1623 sareptenam,

650 1653 707 1718 ubi
729 1656 832 1719 eciam
852 1656 982 1736 mansit,
1004 1664 1035 1719 et
1057 1656 1126 1719 eius
1150 1654 1252 1718 lilium
1276 1652 1453 1717 suscitauit,
1490 1651 1533 1715 Et
1554 1652 1732 1716 ostenditur
1754 1650 1874 1715 ibidem
1896 1651 2093 1735 cenaculum,
2115 1653 2148 1716 in
2170 1675 2234 1740 quo
2256 1656 2325 1741 qui·

651 1771 727 1835 euit.
772 1770 911 1855 Sarepta
933 1772 988 1834 uix
1012 1770 1092 1835 VIII
1113 1770 1227 1835 domos
1248 1768 1360 1847 habet,
1392 1790 1463 1832 cum
1486 1777 1594 1831 tamen
1616 1768 1709 1831 ruine
1732 1770 1800 1831 eius
1824 1767 1996 1833 ostendant
2016 1790 2087 1833 eam
2108 1768 2207 1834 luisse
2228 1769 2327 1835 ualde

674 1885 837 1951 loriosam.

601 1909 673 2053 ¹⁰g
775 2000 916 2065 Indead
938 2001 1019 2066 duas
1041 2001 1150 2066 leucas
1173 2012 1221 2066 est
1235 2003 1391 2079 Sidoalt),
1411 2020 1531 2085 magna
1552 1996 1630 2061 urbs
1644 1997 1807 2080 Phenicie,
1830 2000 1919 2063 cuius
1941 1999 2195 2086 magnitudinem
2217 2002 2325 2068 adhuc

652 2118 744 2181 ruine
766 2127 969 2200 attestantur,
992 2140 1054 2204 que
1078 2118 1181 2181 eciam
1203 2118 1326 2203 scripta
1348 2117 1405 2180 uix
1427 2114 1653 2191 crederetur).
1697 2114 1773 2179 Fuit
1795 2125 1902 2179 autem
1923 2116 1957 2178 in
1979 2137 2093 2201 campo
2117 2116 2324 2203 perlongum

650 2231 822 2318 disposita,
852 2232 986 2298 tendens
1008 2234 1050 2297 ab
1073 2243 1184 2297 austro
1205 2233 1239 2295 in
1261 2231 1460 2319 aquilonem,
1496 2228 1555 2294 sub
1576 2240 1684 2294 monto
1704 2229 1907 2312 Antilibano,
1939 2232 2148 2317 interipsum
2170 2243 2325 2317 etmare,

650 2350 832 2434 speciosad)
854 2347 958 2413 ualde.
1001 2348 1055 2413 De
1080 2350 1180 2413 ruinis
1203 2359 1312 2412 tamen
1335 2349 1403 2411 eius
1425 2345 1489 2410 alia
1513 2357 1561 2411 cst
1582 2345 1749 2428 edificata,
1772 2369 1876 2432 parua
1898 2345 2041 2433 quidem,
2062 2347 2119 2411 sed
2138 2351 2272 2432 munita,
2294 2353 2323 2415 si

649 2463 783 2528 haberet
805 2464 1000 2531 defensores.
1044 2464 1087 2528 Et
1115 2479 1164 2529 est
1186 2487 1226 2529 ex
1251 2475 1344 2551 parte
1359 2467 1399 2540 b'·'’)
1422 2486 1486 2527 uua
1508 2464 1543 2526 in
1565 2462 1662 2527 corde
1685 2465 1785 2527 maris
1806 2464 1883 2545 sita,
1915 2462 2037 2527 habens
2065 2462 2234 2529 hincinde
2256 2464 2323 2532 duo

649 2594 756 2644 castra
779 2581 859 2644 satis
881 2582 1014 2661 munita,
1036 2603 1135 2644 unum
1157 2579 1199 2644 ab
1222 2580 1383 2667 aquilone,
1405 2581 1438 2643 in
1461 2602 1542 2665 rupe
1564 2579 1705 2665 quadam
1726 2580 1759 2642 in
1782 2577 1878 2642 corde
1899 2579 1998 2643 maris
2022 2580 2127 2663 situm,
2152 2581 2237 2667 quod
2261 2582 2322 2647 ibi·

647 2695 721 2760 dem
743 2696 978 2760 edificauerunt
997 2697 1173 2781 peregrini,
1196 2697 1250 2780 qui
1272 2696 1313 2759 de
1334 2696 1517 2760 Tlrcutouia
1538 2705 1702 2776 uenerant,
1724 2693 1811 2759 aliud
1832 2716 1873 2757 ex
1895 2707 1988 2780 parto
2010 2697 2162 2781 australi,
2185 2700 2217 2762 in
2239 2699 2323 2765 colle

648 2813 755 2892 situm,
779 2812 857 2875 satis
879 2811 1006 2875 firmum
1021 2813 1072 2886 66).
1116 2809 1188 2890 Quc
1210 2822 1318 2876 castra
1341 2835 1413 2875 cum
1436 2812 1567 2875 ciuitate
1588 2810 1705 2875 milites
1726 2807 1838 2895 terupli
1860 2812 2029 2889 tenenttb.

773 2926 877 2990 Terra
899 2926 1052 2990 adiacens
1074 2926 1192 2991 fertilis
1200 2933 1224 3005 θ)
1247 2939 1296 2991 est
1316 2926 1427 3009 ualde,
1449 2926 1640 2991 habundans
1663 2924 1809 2989 omnibus
1832 2924 1924 2989 bonis
1947 2939 1978 2989 ct
1999 2937 2074 2990 atro
2095 2927 2318 2997 saluberrimo.

646 3041 690 3106 Et
711 3053 784 3106 suut
805 3041 925 3107 ibidem
949 3064 1050 3106 carme
1072 3042 1176 3107 mellis
1200 3055 1230 3106 et
1252 3045 1346 3108 uince
1367 3041 1463 3107 ualde
1485 3041 1578 3106 bone.

712 3226 739 3290 a)
761 3224 825 3277 aot
843 3224 885 3280 St.
911 3255 944 3264 -
967 3223 996 3290 b)
1014 3225 1147 3296 beloford
1165 3227 1204 3281 st.
1229 3257 1263 3266 —
1286 3226 1312 3294 ο)
1334 3226 1507 3279 welanao·
1526 3223 1559 3278 St
1570 3222 1596 3279 lr.
1640 3221 1721 3287 Quod
1742 3221 1915 3276 correximus.
1938 3252 1970 3263 -
1994 3223 2023 3292 d)
2046 3228 2174 3295 apocioec
2193 3231 2233 3282 St.
2259 3248 2323 3301 epa

780 3309 857 3361 cioca
876 3307 904 3363 h.
923 3339 955 3346 -
975 3313 1000 3377 c)
1018 3310 1123 3363 sterilis
1143 3309 1267 3381 (passim)
1285 3309 1324 3365 St.
1336 3309 1448 3379 fertilis
1466 3307 1492 3362 h.

643 3480 708 3552 fort,
732 3501 791 3538 uon
813 3479 851 3538 ad
873 3479 980 3543 Kebir.
1023 3480 1085 3540 Sed
1107 3480 1165 3541 vid.
1186 3481 1279 3542 Ritter
1300 3481 1463 3554 Χ111111).
1568 3485 1617 3552 66)
1640 3479 1765 3553 Horma]
1790 3476 1856 3538 Vid.
1875 3477 1980 3538 losuac
2000 3478 2089 3542 XIX.
2113 3485 2161 3554 29,
2182 3482 2321 3546 ubivul-

644 3582 682 3637 ·l8
705 3599 728 3636 s.
758 3587 788 3636 et
813 3598 870 3636 van
897 3578 934 3638 de
964 3579 1059 3639 Velde
1088 3579 1213 3639 Memoir
1240 3602 1268 3660 p,
1296 3585 1354 3639 336
1385 3601 1407 3640 s.
1436 3604 1463 3641 v.
1503 3590 1574 3655 gata
1602 3577 1691 3636 habet
1712 3576 1842 3646 Horma,
1870 3599 1928 3636 nou
1951 3578 2060 3650 lhrna,
2093 3602 2269 3662 quamquam
2290 3596 2322 3644 et

643 3674 780 3737 Leontos.
1503 3689 1600 3736 textus
1623 3677 1776 3736 hebraicus
1809 3685 1837 3734 ot
1859 3676 2005 3736 liutherus
2027 3678 2098 3737 dant
2118 3679 2221 3742 Itama.
2262 3683 2320 3744 Re-

703 3779 754 3847 53)
772 3776 873 3850 primo
895 3778 1137 3852 illac-tabeorum]
1158 3776 1230 3836 XII.
1254 3784 1302 3837 30.
1504 3786 1602 3835 centes
1629 3775 1790 3853 geographi
1819 3774 1920 3834 urbem
1941 3777 2055 3836 Horma
2084 3780 2175 3839 multo
2197 3781 2320 3842 iuferius

707 3878 757 3945 54)
777 3875 979 3951 Iste-Yturea]
1014 3876 1122 3935 flumen
1148 3875 1318 3952 Kasiijelr
1343 3874 1461 3935 Vaude-
1503 3874 1653 3933 meridiem
1675 3893 1776 3933 versus
1799 3883 1919 3952 ponunt.
1955 3874 2001 3936 cf.
2022 3898 2049 3936 v.
2063 3875 2191 3938 Raumer
2203 3900 2231 3959 p.
2251 3884 2320 3942 184.

641 3969 740 4029 reldio
770 3972 790 4033 l.
819 3992 843 4030 c.
870 3983 989 4034 auctore
1017 3976 1107 4033 oritur
1133 3975 1163 4047 in
1191 3974 1270 4033 valle
1297 3974 1461 4033 el·Beka'a
1566 3979 1617 4038 611
1640 3983 1671 4029 ut
1692 3973 1804 4031 dicitur
1826 3975 1922 4050 Iosue]
1945 3974 2017 4034 Xll.
2041 3980 2067 4033 7.
2100 3975 2161 4035 Sed
2179 3979 2214 4038 cf.
2229 3999 2253 4039 c.
2268 3979 2318 4039 XI

642 4068 781 4144 (Borea,
811 4092 904 4150 propo
925 4072 1068 4133 Baalbelr.
1112 4071 1276 4131 El-Beka'a
1297 4081 1394 4132 autern
1417 4082 1461 4132 est
1502 4093 1528 4132 v.
1553 4076 1580 4131 3.
1603 4076 1629 4131 8.
1656 4077 1700 4143 17,
1722 4071 1771 4130 ubi
1793 4074 1899 4131 montis
1917 4072 2048 4133 Hermon
2066 4084 2094 4134 et
2116 4079 2248 4150 „montis
2270 4099 2319 4138 cu-

642 4169 767 4241 lturam,
797 4172 821 4229 si
849 4172 980 4251 sequaris
1001 4172 1144 4232 Ritterum
1165 4171 1260 4230 XVII
1281 4174 1332 4245 (1),
1355 4174 1414 4233 226
1436 4194 1458 4233 s.
1500 4171 1546 4229 ius
1575 4190 1642 4250 pars
1670 4170 1829 4230 descendat
1857 4173 1886 4229 in
1918 4171 2021 4242 Seir‚“
2048 4176 2156 4234 mentio
2185 4176 2226 4235 fit.
2270 4176 2317 4239 cf.

641 4267 686 4325 (tf.
708 4289 735 4328 v.
757 4268 886 4329 Rauurer
907 4292 936 4350 p.
959 4277 995 4331 66
1018 4282 1048 4330 et
1070 4275 1138 4332 267.
1501 4269 1595 4328 Rittcr
1614 4269 1674 4327 XV
1697 4273 1749 4344 (l).
1776 4275 1839 4331 152.

705 4370 755 4439 55)
778 4367 899 4426 Gallim
919 4369 1062 4445 9811οἶ11161
1082 4368 1217 4428 Gsslilssffl
1236 4369 1382 4446 gemimus
1406 4371 1459 4427 stt·
1564 4388 1614 4459 62)
1635 4387 1767 4461 Sarepta
1795 4386 1993 4460 Sidoniorum}
2028 4387 2152 4466 Sarepta
2179 4386 2318 4450 hebraice

639 4463 734 4522 mm
760 4467 818 4523 ‘⁰3²’
846 4463 961 4535 ἕθνῶνν
994 4488 1082 4547 ‘luam
1112 4467 1181 4527 dicii
1206 4467 1373 4526 Matthaeus
1405 4468 1458 4530 IV·
1502 4493 1588 4542 sonat
1615 4484 1752 4563 Zarpath.
1795 4484 1874 4542 Villa
1908 4504 2010 4543 recens
2041 4485 2202 4556 Suralend‚
2239 4506 2318 4566 quae

646 4569 679 4622 15
702 4583 741 4633 s,
767 4578 812 4622 est
836 4563 971 4624 Galilaea
997 4567 1247 4645 septentrionalis:
1281 4566 1341 4627 vid.
1365 4567 1460 4626 Ritter
1501 4602 1579 4641 nunc
1606 4603 1671 4641 cum
1701 4582 1826 4661 Sarepta
1855 4585 1990 4661 componi
2020 4585 2108 4655 solet,
2143 4592 2172 4643 et
2199 4585 2318 4663 longius

637 4661 725 4718 xvl.
751 4667 817 4723 686.
1499 4682 1727 4760 septentrionem
1749 4701 1851 4740 versus
1874 4682 1929 4738 sita
1951 4692 2003 4751 est,
2024 4691 2054 4741 et
2074 4695 2141 4761 post
2155 4683 2319 4745 Burchardi

702 4764 751 4834 56)
788 4771 873 4820 terra
910 4764 1000 4838 Roob]
1033 4763 1107 4821 Beth
1142 4763 1245 4822 RehOb
1280 4773 1457 4822 memmius
1499 4778 1615 4838 domum
1643 4790 1775 4859 tempora
1797 4778 1922 4839 condita.
1966 4778 2318 4858 Of.RitterXV11().

638 4860 668 4918 ll
692 4857 771 4919 Sam.
802 4866 852 4931 16,
880 4866 907 4920 6.
957 4860 1090 4919 ludicum
1120 4861 1238 4922 XVIII.
1269 4866 1322 4933 28;
1356 4861 1456 4922 Cavea
1498 4882 1566 4950 364,
1588 4900 1614 4937 v,
1635 4879 1765 4938 Raumer
1785 4899 1812 4957 p,
1839 4883 1904 4938 127,

636 4958 721 5018 lloob
750 4979 769 5016 a
796 4958 951 5018 Willermo
969 4959 1064 5038 Tyrio
1085 4959 1150 5021 bist.
1172 4960 1220 5021 lib.
1243 4960 1319 5020 XVI
1349 4980 1373 5020 c.
1390 4960 1455 5021 Xll
1561 4999 1611 5069 53)
1633 4995 1750 5071 Helias]
1779 4995 1826 5053 De
1848 4994 1916 5052 Ep,
1949 4994 2092 5073 propheta
2122 4994 2316 5073 vjd‚11teg‚

636 5079 665 5134 p.
687 5060 754 5118 898.
805 5057 845 5115 Et
866 5058 923 5117 hoc
945 5058 1009 5117 loco
1030 5057 1166 5118 attendas
1186 5061 1326 5139 imprimis
1349 5059 1387 5117 ad
1408 5061 1454 5118 Io·
1496 5091 1589 5152 XVII
1612 5116 1637 5154 v·
1664 5098 1789 5154 10-23·

636 5174 706 5214 suae
727 5155 815 5216 XIX.
839 5160 887 5216 28.
1559 5211 1609 5281 (34)
1631 5210 1733 5283 Sidon]
1757 5208 1802 5267 Cf.
1825 5209 1918 5267 Ritter
1937 5207 2031 5266 XVll
2052 5211 2104 5283 (1).
2128 5212 2185 5269 386
2209 5228 2273 5288 sqq.

700 5260 749 5326 575,
774 5255 885 5330 Kabul]
908 5254 976 5316 Vid.
999 5255 1014 5313 l
1036 5254 1109 5332 Reg.
1132 5255 1234 5316 VIIII.
1260 5261 1303 5317 13.
1327 5256 1452 5316 Hebrai-

635 5373 701 5410 cum
723 5351 779 5430 bur
801 5355 877 5412 infra
898 5375 963 5413 curu
986 5353 1131 5433 Decapoli
1153 5357 1344 5433 componitur.
1561 5325 1611 5395 ⁶5)
1637 5326 1676 5383 Et
1698 5334 1741 5382 ⁶⁸⁸
1761 5345 1798 5381 ω’
1809 5323 1910 5399 1²⁰er
1932 5323 1981 5383 De
1994 5323 2050 5383 ¹¹⁰⁰
2065 5323 2225 5383 Burchardi
2240 5324 2315 5397 ¹⁰⁰⁰»

699 5455 750 5523 58)
773 5453 902 5528 Belfm]
932 5473 1011 5511 nune
1032 5451 1134 5512 Kal’at
1155 5452 1374 5516 esch-schehin
1419 5454 1455 5513 V·
1497 5422 1546 5500 qui
1567 5424 1661 5500 pergit
1684 5443 1778 5502 usquo
1797 5422 1835 5481 ad
1857 5422 1961 5482 verba:
1984 5423 2071 5480 situm
2094 5423 2169 5481 satis
2181 5423 2317 5500 firmam,

634 5549 789 5609 russam
810 5550 873 5611 ru.
892 5550 947 5611 111.
973 5557 1030 5612 esa
1054 5564 1113 5612 na.
1141 5560 1164 5613 1.
1193 5551 1346 5613 erana
1361 5553 1455 5613 xvu
1497 5518 2035 5601 ιὼθΐὶυεά1811161616186111
2057 5523 2108 5594 (11·
2132 5525 2200 5581 394·

635 5655 685 5717 (l).
710 5654 769 5711 309
795 5669 856 5728 sqq.
1559 5639 1609 5710 66)
1627 5637 1784 5712 peregrini
1803 5669 1844 5678 -
1865 5637 1940 5695 satis
1953 5636 2085 5716 firraum]
2109 5637 2182 5712 *Hoc
2203 5635 2314 5695 factum

696 5751 746 5821 53)
769 5750 848 5824 quod
864 5748 928 5820 suit
950 5748 1055 5805 milicie
1078 5750 1186 5824 templu]
1208 5748 1246 5807 ab
1270 5770 1348 5809 armo
1375 5754 1451 5811 1216
1494 5743 1540 5792 θθῖ
1560 5754 1638 5794 61160
1664 5739 1750 5796 ¹²²7·
1791 5735 1859 5796 Vid.
1881 5735 1974 5794 thter
1995 5734 2089 5794 XVII
2112 5737 2163 5808 (l).
2185 5739 2254 5796 393·

636 5866 726 5924 usque
761 5845 799 5905 ad
826 5866 934 5905 annum
966 5850 1052 5908 1268.
1102 5850 1236 5926 Apparet
1269 5849 1356 5925 igitur
1385 5857 1453 5928 post
1557 5852 1607 5919 67)
1633 5852 1697 5914 Qua
1720 5860 1823 5908 castra
1854 5882 1891 5891 —
1922 5850 2022 5925 templi
2042 5850 2149 5926 tenent]
2179 5849 2312 5909 Ritterus

635 5963 743 6003 anuum
767 5948 845 6007 1268
867 5945 1017 6024 scripsisse
1040 5943 1250 6004 Burchardum.
1492 5945 1585 6004 XVll
1615 5948 1677 6022 (1).
1715 5954 1772 6009 393
1802 5947 1887 6008 docet
1921 5948 1976 6008 hoc
2013 5947 2118 6008 cadero
2150 5949 2180 6006 in
2216 5968 2314 6043 annos
