5334 6975
1331 673 1370 738 88

516 856 641 923 dnobus
671 856 781 935 annis,
814 866 845 916 et
872 852 979 916 statim
1002 853 1137 930 arescit,
1167 850 1224 914 sed
1246 873 1317 914 enm
1341 874 1488 916 arescere
1508 853 1638 939 incipit,
1672 853 1780 916 stetim
1804 852 1975 918 deradice
1997 855 2065 918 eius
2088 853 2188 919 arbor

515 976 579 1041 alia
609 970 784 1061 procedere
810 968 940 1052 incipit,
968 976 1000 1030 et
1026 968 1106 1031 lacit
1128 967 1209 1030 sicut
1231 968 1328 1053 prior.
1370 966 1463 1031 Folia
1487 968 1612 1032 arboris
1633 967 1727 1032 huius
1748 967 1845 1053 longa
1868 980 1942 1033 sunt
1963 970 2006 1033 ad
2028 979 2187 1034 staturam

514 1091 653 1156 hominis
681 1088 824 1166 unisse,
853 1082 954 1160 latab)
983 1104 1059 1147 uero
1088 1084 1149 1163 ita,
1179 1092 1214 1145 ut
1245 1081 1371 1148 duobus
1397 1082 1483 1147 foliis
1512 1094 1622 1169 posset
1652 1086 1817 1169 cooperire
1845 1084 1962 1172 aliquis
1992 1096 2094 1151 totum
2116 1107 2186 1149 cor·

536 1229 573 1270 us
595 1227 694 1270 suum.

480 1230 534 1414 6p
641 1324 730 1382 Uinea
751 1316 849 1381 multe
872 1323 945 1379 sunt
966 1315 1000 1377 in
1021 1324 1108 1377 terra
1128 1324 1256 1394 sancta,
1288 1324 1320 1377 ct
1340 1313 1448 1399 plures
1470 1327 1590 1396 essent,
1622 1315 1678 1379 sed
1705 1316 1781 1402 quia
1803 1315 1994 1396 Sarraceni,
2024 1318 2081 1404 qui
2101 1338 2187 1380 nnnc

513 1450 633 1502 terram
656 1445 774 1514 tenent,
794 1454 860 1496 non
881 1430 996 1494 bibunt
1017 1431 1136 1510 uiuum,
1159 1430 1223 1492 nisi
1244 1430 1361 1493 lirrtiue
1384 1430 1514 1516 qnidam
1539 1455 1580 1496 ex
1602 1432 1658 1511 eis,
1681 1431 1753 1495 ideo
1775 1434 1884 1495 uineas
1907 1455 1971 1497 non
1986 1432 2106 1514 colunt,
2130 1430 2188 1496 sed

513 1553 690 1631 destruunt,
714 1551 776 1614 nisi
799 1548 895 1634 pauci
917 1547 1000 1611 sorte
1022 1547 1270 1631 propinquiores
1293 1544 1504 1628 Christianis,
1528 1550 1582 1632 qui
1605 1546 1712 1612 colunt
1732 1570 1787 1611 eas
1809 1559 1943 1634 propter
1965 1559 2130 1636 questum,
2153 1555 2188 1612 ut

514 1668 709 1737 Christianis
732 1664 883 1729 uendent.
926 1661 987 1725 Est
1007 1673 1112 1725 autem
1136 1662 1246 1724 uinum
1274 1672 1360 1724 terre
1381 1672 1491 1726 sancte
1513 1663 1608 1727 ualde
1635 1664 1756 1728 bonum
1784 1675 1816 1727 et
1837 1663 1961 1745 nobile,
1993 1673 2024 1728 et
2045 1665 2187 1728 maxime

513 1787 601 1850 circa
629 1781 818 1847 Bethlehem
845 1781 878 1842 in
908 1777 991 1841 ualle
1020 1777 1193 1863 Raphaym
1223 1787 1253 1841 et
1281 1777 1451 1864 deinceps,
1484 1778 1539 1841 ubi
1567 1779 1708 1843 tulermrt
1735 1782 1769 1843 in
1797 1791 1919 1856 secter)
1940 1779 2106 1866 palmitem
2129 1779 2187 1843 filii

514 1899 627 1966 Israel.
671 1898 767 1963 Circa
790 1894 943 1959 Sidonem
966 1902 999 1957 et
1021 1893 1172 1979 deinceps
1196 1915 1253 1979 per
1275 1892 1507 1978 longitudinem
1530 1894 1648 1959 Libani
1671 1897 1786 1959 crescit
1810 1897 1920 1959 uinum
1941 1895 2078 1976 bonum,
2100 1906 2132 1960 et
2153 1896 2187 1959 in

514 2013 680 2081 Anterado
703 2023 734 2077 et
754 2009 907 2095 Margath
930 2019 961 2072 et
983 2031 1042 2094 per
1061 2018 1162 2073 totum
1183 2008 1262 2072 illud
1284 2009 1373 2073 littus
1401 2012 1500 2073 maris
1528 2034 1629 2097 usque
1652 2015 1685 2075 in
1708 2011 1864 2077 Ciliciam
1886 2024 1916 2076 et
1939 2010 2185 2099 Cappadociam

514 2144 545 2198 et
567 2130 719 2197 Greciam
746 2138 778 2192 et
799 2126 987 2212 Ungariam.
1030 2125 1090 2188 Est
1119 2147 1195 2189 uero
1224 2124 1388 2205 mirabile,
1423 2126 1508 2211 quod
1536 2127 1604 2191 uidi
1634 2129 1668 2190 in
1691 2127 1866 2192 Anterade.
1907 2127 1991 2204 Ibid)
2020 2129 2124 2207 enim,
2152 2139 2187 2190 nt

514 2249 666 2313 dixerunt
695 2244 774 2308 mihi
803 2242 969 2327 indigene,
1003 2241 1043 2305 de
1066 2263 1129 2304 rina
1151 2249 1181 2303 ct
1204 2240 1316 2304 eadem
1339 2243 1404 2305 uite
1429 2250 1479 2305 ter
1501 2243 1536 2306 fit
1557 2242 1718 2307 uindemiu
1748 2245 1780 2306 in
1803 2265 1866 2307 uno
1889 2266 1988 2325 enn03
2019 2266 2078 2329 per
2100 2242 2185 2306 hunc

512 2364 650 2428 modum.
695 2360 857 2446 Tempore
884 2380 983 2422 uerno
1012 2356 1187 2421 obseruant
1214 2359 1387 2439 uinitorcs,
1419 2357 1547 2442 quando
1575 2359 1649 2421 uitis
1678 2359 1782 2444 primo
1813 2358 1928 2423 educat
1949 2370 1997 2424 tot
2019 2358 2131 2423 botros
2152 2360 2186 2421 in

513 2480 739 2565 dispositione,
771 2487 848 2561 quot
878 2472 1053 2538 secundum
1083 2495 1282 2536 communem
1308 2495 1437 2536 cursum
1467 2477 1633 2538 consueuit
1664 2474 1842 2560 producere
1876 2473 2016 2559 quelibet
2037 2475 2112 2538 uitis
2133 2471 2186 2537 uel

511 2598 613 2661 ceiam
645 2593 785 2680 palmes,
815 2603 847 2655 et
868 2591 977 2654 statim
1005 2586 1158 2675 quiequid
1181 2588 1221 2651 de
1244 2587 1378 2674 palmite
1398 2602 1542 2653 remanet
1565 2613 1662 2676 supra
1692 2589 1802 2654 betros
1826 2592 1931 2675 ipsos,
1957 2600 2058 2655 totum
2081 2592 2184 2676 preci·

512 2712 623 2789 dunt0)
647 2720 678 2774 et
700 2710 870 2795 proiciunt
912 2704 997 2769 Illud
1018 2705 1054 2768 tit
1074 2706 1109 2767 in
1132 2703 1257 2768 Martio.
1303 2704 1339 2766 In
1360 2704 1466 2790 Aprili
1495 2705 1535 2769 de
1565 2706 1619 2771 illo
1649 2705 1779 2791 palmite
1802 2706 1939 2791 pullulat
1961 2705 2043 2770 alius
2065 2707 2183 2770 iterum

511 2851 584 2892 eum
607 2827 701 2891 nouis
730 2824 842 2889 botris.
887 2821 960 2901 Quo
987 2822 1056 2884 uiso
1085 2822 1200 2883 iterum
1225 2820 1403 2906 preciditur
1431 2821 1471 2885 de
1499 2821 1631 2907 palmite
1659 2821 1713 2888 illo
1744 2821 1896 2909 quicquid
1917 2833 1965 2886 est
1987 2843 2087 2908 supra
2109 2819 2182 2885 illos

511 2943 631 3007 betros.
686 2940 728 3004 Et
762 2941 796 3003 in
823 2939 912 3003 Maio
948 2938 1042 3001 tertio
1073 2935 1222 3023 producit
1258 2947 1391 3000 truncus
1419 2936 1585 3012 tercium‘)
1627 2938 1791 3023 palmitem
1820 2962 1891 3002 eum
1920 2940 1992 3003 uuis
2021 2949 2052 3002 et
2080 2936 2184 3002 botris

512 3061 589 3124 suis.
631 3057 674 3121 Et
700 3059 748 3120 sic
770 3054 927 3119 habentur
949 3064 1014 3116 tres
1037 3052 1166 3116 ordines
1191 3052 1377 3133 botrorum,
1404 3055 1459 3138 qui
1487 3076 1596 3117 omnes
1620 3052 1765 3117 similiter
1786 3066 1947 3135 creseunt,
1981 3054 2037 3119 sed
2059 3056 2099 3136 ii,
2127 3055 2182 3141 qui

512 3174 751 3262 pullulanerunt
772 3173 805 3235 in
826 3169 961 3249 Martio,
988 3168 1228 3233 uindemiantur
1251 3170 1284 3232 in
1306 3169 1471 3255 Augusto,
1499 3172 1553 3256 qui
1575 3171 1608 3233 in
1629 3170 1751 3256 Aprili,
1785 3168 2026 3234 uindemiuntur
2047 3173 2081 3233 in
2103 3169 2182 3257 Sep·

511 3290 636 3371 tembri,
659 3300 690 3352 et
711 3289 765 3374 qui
786 3290 820 3351 in
834 3287 932 3366 Maio,
956 3284 1193 3348 uindemiantur
1215 3287 1247 3347 in
1265 3284 1409 3349 Octobri.
1448 3286 1488 3348 Et
1511 3288 1557 3350 sic
1579 3283 1737 3349 habentur
1750 3296 1815 3349 tres
1831 3285 1992 3350 uindemio
2007 3308 2072 3350 uno
2088 3308 2182 3351 anno.

477 3441 492 3491 7
633 3406 732 3469 Ficus
754 3414 862 3468 autem
884 3413 915 3466 et
937 3400 1175 3486 malogranata,
1198 3399 1259 3465 mel
1284 3412 1316 3465 et
1338 3401 1442 3466 oleum
1465 3413 1496 3466 et
1518 3403 1647 3466 diuersa
1668 3423 1789 3486 genera
1810 3400 2022 3487 leguminum,
2053 3413 2088 3467 ut
2109 3413 2182 3466 sunt

512 3545 654 3611 pepones
678 3532 707 3586 et
732 3521 905 3600 cucumeri,
927 3517 1070 3582 etmulti
1092 3518 1147 3582 alii
1170 3519 1295 3582 fructus
1317 3518 1362 3583 ibi
1384 3518 1579 3582 habundant.

478 3642 493 3693 8
637 3638 733 3702 Porci
755 3635 929 3716 siluestres,
953 3633 1110 3720 capreoli,
1133 3634 1276 3720 lepores,
1299 3634 1447 3720 perdices
1471 3647 1502 3698 et
1524 3637 1703 3699 coterniees
1726 3647 1847 3700 tantum
1870 3632 2073 3715 habundant,
2097 3634 2183 3722 quod

511 3766 626 3842 stupor
648 3766 697 3818 est
718 3751 840 3816 uidere.
883 3751 1029 3814 Leonum
1051 3749 1220 3814 multitude
1247 3760 1295 3814 est
1321 3750 1368 3814 ibi
1391 3760 1422 3814 ct
1444 3773 1593 3815 ursorum
1616 3762 1646 3814 ct
1668 3750 1769 3813 bestie
1791 3749 1994 3813 diuersorum
2016 3772 2180 3835 generum.

508 3871 590 3935 Item
613 3868 728 3933 carneli
748 3866 865 3932 infiniti
888 3875 962 3931 sunt
981 3865 1044 3946 ibi,
1074 3864 1320 3947 dromedariis),
1350 3868 1453 3946 cerni,
1482 3868 1549 3941 uri3
1582 3877 1612 3930 et
1633 3866 1774 3930 breuiter
1794 3865 1840 3928 ibi
1863 3865 2053 3930 habundant
2074 3867 2182 3930 emnia

509 3987 594 4053 bona
617 3985 738 4064 mundi,
761 3995 793 4048 et
814 3995 903 4047 terra
924 3981 979 4045 illa
1001 3981 1070 4045 fluit
1090 3980 1173 4045 lacte
1196 3993 1226 4045 et
1248 3982 1359 4064 mellc3
1383 3983 1440 4046 sed
1462 3983 1600 4046 cultores
1623 4005 1686 4047 non
1709 3983 1781 4071 dico
1803 3982 2005 4063 tortissimos,
2028 3981 2086 4046 sed
2111 4003 2181 4068 pes·

510 4105 610 4170 simos
631 4114 662 4168 et
681 4101 887 4187 turpissimos
910 4097 1007 4163 habet
1030 4111 1227 4183 peccatores,
1248 4099 1293 4162 ita
1314 4109 1350 4162 ut
1371 4102 1487 4163 mirum
1510 4100 1560 4180 sit,
1583 4099 1669 4185 qnod
1692 4111 1799 4186 portat
1822 4119 1875 4162 cos
1898 4109 1995 4163 terra.

868 4282 931 4346 DE
954 4279 1102 4345 VAIIIIS
1125 4279 1442 4345 RELIGIONIBUS
1466 4280 1613 4345 TERRE
1638 4281 1822 4348 SANCTE.

477 4431 487 4480 1
634 4415 723 4480 XIII.
767 4414 848 4479 Sunt
872 4416 906 4478 in
927 4436 965 4478 ca
987 4412 1186 4477 habitatores
1208 4436 1249 4477 ex
1270 4415 1358 4478 omni
1378 4414 1523 4494 natione,
1547 4437 1607 4501 que
1630 4413 1689 4478 sub
1712 4414 1780 4478 celo
1804 4423 1867 4493 est,
1891 4424 1922 4477 et
1943 4415 2025 4477 uiuit
2047 4414 2181 4502 quilibet

510 4531 685 4597 secundum
707 4531 803 4594 ritum
827 4554 936 4611 sunm,
958 4540 1005 4610 et,
1030 4540 1063 4592 ut
1084 4534 1252 4593 ueritatem
1275 4529 1397 4610 dicam,
1430 4531 1557 4616 peiores
1580 4540 1653 4593 sunt
1673 4533 1790 4611 nostri,
1811 4530 1931 4610 Latini,
1954 4529 2103 4595 omnibns
2125 4530 2180 4595 ha·

510 4645 705 4713 bitatoribus
733 4644 816 4710 aliis.
859 4646 905 4710 Et
931 4646 989 4709 hee
1022 4654 1071 4709 est
1091 4645 1194 4724 ratio,
1223 4655 1258 4708 ut
1278 4644 1356 4708 mihi
1379 4643 1523 4708 indetur:
1560 4645 1643 4711 Cum
1664 4644 1779 4730 uliquis
1802 4647 1896 4709 suerit
1916 4644 2120 4727 malefactor,
2147 4659 2181 4711 ut

508 4761 687 4842 homicida,
708 4760 810 4842 latro,
832 4760 884 4823 fur
896 4809 903 4841 ,
926 4760 1062 4841 adulter,
1080 4760 1286 4841 transfretat,
1314 4771 1348 4824 ut
1369 4762 1403 4824 in
1424 4758 1726 4846 penitenciahmel„
1747 4760 1798 4826 uel
1821 4763 1896 4848 quia
1918 4763 2009 4826 timet
2028 4761 2104 4848 pelli
2125 4784 2181 4828 sue

507 4889 538 4943 et
561 4878 634 4942 ideo
656 4878 689 4941 in
711 4886 799 4939 terra
819 4898 877 4939 sua
900 4878 990 4940 timet
1011 4888 1118 4955 starc3
1141 4886 1171 4938 et
1193 4877 1239 4939 sie
1261 4875 1300 4939 de
1321 4874 1460 4940 diuersis
1484 4874 1642 4962 partibus,
1665 4887 1699 4939 ut
1722 4876 1912 4959 Thentonia,
1937 4876 2056 4959 Ytalia,
2078 4878 2180 4943 Fran-

509 4996 576 5076 cia,
603 4992 738 5078 Anglia,
763 4992 928 5078 Yspania,
959 4991 1105 5076 Ungaria
1126 5000 1157 5055 et
1179 4991 1219 5055 de
1242 4994 1357 5056 ceteris
1380 4992 1491 5056 mundi
1511 4991 1657 5079 partibus
1679 4991 1754 5056 illuc
1777 4996 1923 5075 ueniunt,
1954 4993 2012 5058 sed
2034 5016 2110 5059 uere
2132 5016 2180 5059 ee·

507 5110 589 5191 lum,
619 5131 684 5173 non
706 5111 849 5173 animum
872 5117 1004 5172 mutant.
1047 5106 1116 5170 Illic
1139 5109 1222 5171 enim
1247 5111 1438 5189 existentes,
1463 5121 1647 5195 postquam,
1669 5132 1730 5195 que
1751 5109 1900 5189 tulerunt,
1922 5110 2180 5194 expenderunth,

510 5248 596 5290 noua
626 5226 815 5311 conquirere
838 5233 980 5310 oportet,
1009 5234 1040 5287 et
1063 5224 1109 5286 sic
1131 5224 1246 5287 iterum
1267 5223 1331 5305 „ad
1354 5225 1507 5287 uomitum
1523 5226 1579 5298 ιΗἵ)
1611 5223 1776 5305 redemrt“,
1811 5228 2046 5290 committentes
2067 5228 2180 5313 palera

578 5406 605 5475 a)
623 5404 705 5456 baina
722 5402 762 5461 st.
780 5405 861 5457 unche
878 5403 904 5455 h.
927 5434 958 5443 -
984 5403 1013 5471 b)
1029 5404 1147 5457 latitudo
1165 5402 1205 5457 st.
1230 5404 1288 5457 lete
1308 5402 1334 5458 b.
1358 5434 1391 5442 -
1409 5408 1435 5472 c)
1453 5411 1530 5457 nocte
1547 5402 1587 5458 St.
1601 5403 1626 5458 h.
1645 5434 1678 5442 -
1700 5405 1729 5470 d)
1751 5404 1805 5458 Uei
1821 5403 1860 5460 St.
1885 5406 1926 5458 ibi
1942 5405 1967 5458 h.
1990 5433 2025 5444 -
2046 5408 2072 5477 e)
2086 5408 2181 5477 proci·

640 5489 707 5540 dunt
725 5487 764 5542 st.
784 5518 816 5525 —
835 5486 861 5555 f)
874 5506 931 5557 pro
949 5490 1050 5541 dnmm
1068 5487 1191 5541 Tractus
1210 5489 1322 5541 tercium
1340 5486 1381 5542 St.
1397 5488 1529 5556 producit
1547 5486 1610 5538 vitis
1627 5487 1739 5539 tercium
1757 5486 1782 5541 h.
1807 5518 1835 5527 -
1854 5490 1883 5559 g)
1901 5488 2069 5543 dormedarii
2086 5490 2127 5545 st.
2149 5520 2178 5530 -

640 5569 669 5637 b)
688 5579 719 5623 at
735 5562 844 5641 ispbe'a
863 5570 903 5627 st.
941 5570 1019 5635 Quae
1036 5570 1121 5625 verba
1138 5571 1167 5624 in
1185 5569 1202 5623 h
1219 5569 1338 5639 fuerunt,
1357 5569 1403 5624 sed
1422 5586 1501 5624 erasa
1519 5575 1591 5623 sunt.
1612 5600 1643 5608 —
1662 5570 1682 5637 i)
1702 5572 1855 5640 expendunt
1874 5570 1913 5625 St.

571 5748 642 5810 646)
665 5742 695 5799 in
716 5741 923 5830 penitenciam]
947 5741 1034 5812 Nota,
1055 5762 1142 5820 quam
1165 5744 1206 5802 st.
1226 5740 1322 5813 habet,
1429 5744 1500 5812 1547)
1531 5744 1571 5796 m!
1598 5741 1741 5816 uerutum]
1776 5742 1954 5818 Designatur
1978 5746 2097 5818 stultns,
2132 5746 2181 5826 qui

506 5840 694 5919 diplomatica
725 5841 795 5919 pnia
830 5839 975 5916 significat
998 5845 1173 5915 penitencia.
1222 5840 1269 5898 En
1300 5840 1323 5896 is
1367 5841 1441 5898 sicut
1474 5841 1553 5897 canis
1587 5838 1688 5896 redeat
1723 5839 1761 5897 ad
1797 5842 1954 5913 vomitum,
1991 5863 2007 5903 e
2044 5844 2181 5905 Proverb

505 5940 652 5998 effecimus
674 5941 713 5999 in.
1366 5937 1485 5996 XXVI.
1511 5943 1557 5997 ll.
