5334 6975
1346 659 1386 720 62

476 851 511 900 5⁵
652 839 781 904 Montes
801 836 955 922 Engaddi
975 837 1033 902 alti
1055 853 1130 900 suut
1150 834 1263 915 ualde,
1290 847 1323 899 et
1344 849 1418 898 sunt
1440 834 1599 900 mirabilis
1621 836 1858 924 dispositionis,
1894 844 2042 928 prorupti
2063 840 2207 929 rupibus

529 967 562 1021 ct
583 954 732 1034 nallibm,
751 955 799 1017 ita
819 952 906 1039 qnod
927 974 991 1017 non
1011 951 1081 1016 uidi
1102 950 1233 1031 similes,
1253 956 1309 1035 qui
1330 952 1433 1015 eciam
1457 950 1641 1016 uidentibus
1661 955 1827 1017 ineueiant
1847 954 2025 1022 horrorem.

479 1087 512 1136 to
652 1070 706 1135 De
725 1068 853 1134 iericho
874 1081 1014 1154 quatuor
1034 1067 1138 1133 leucis
1160 1079 1273 1132 eontra
1294 1066 1503 1140 occidentem,
1526 1068 1588 1147 nia,
1609 1090 1671 1153 que
1690 1068 1780 1133 ducit
1801 1071 1836 1133 in
1855 1070 2043 1153 Ierusalem,
2066 1071 2111 1137 ud
2126 1074 2206 1138 sini·

528 1205 629 1252 stram
650 1185 859 1265 Quarcntene
879 1197 930 1248 est
950 1195 1093 1249 castrum
1117 1183 1358 1262 Ademtum),
1380 1180 1436 1245 ubi
1458 1181 1522 1261 ille,
1543 1184 1598 1268 qni
1620 1182 1786 1248 deseendit
1806 1184 1849 1250 ab
1868 1184 2046 1251 Ierusalem
2067 1189 2103 1251 iu
2124 1187 2206 1253 Ieri-

526 1303 604 1384 cho,
631 1300 745 1366 incidit
769 1302 803 1364 in
832 1299 986 1364 latrones.
1023 1298 1119 1379 Quod
1147 1298 1310 1363 modernis
1330 1297 1530 1383 temporibus
1554 1297 1661 1362 multis
1686 1302 1821 1386 contigit
1841 1299 1977 1380 ibidem,
2005 1314 2039 1366 et
2058 1301 2102 1367 ab
2124 1303 2205 1368 effu·

527 1420 618 1482 sione
637 1418 798 1503 frequenti
818 1416 986 1501 sanguinis
1007 1414 1096 1479 locus
1116 1413 1170 1478 ille
1192 1436 1308 1479 nomen
1329 1415 1466 1499 aceepit
1508 1413 1568 1477 Est
1589 1416 1673 1479 enim
1694 1414 1858 1480 horribilis
1885 1418 1959 1481 uisu
1984 1430 2016 1481 et
2039 1417 2202 1503 periculo·

527 1555 582 1598 sus
604 1531 712 1612 ualde,
734 1535 797 1597 nisi
818 1532 936 1619 aliquis
957 1530 1056 1595 uadat
1078 1528 1138 1595 sub
1159 1529 1328 1594 conductu.

478 1665 510 1714 57
653 1647 706 1712 De
728 1648 913 1712 Adummim
945 1646 1069 1710 duabus
1090 1644 1191 1709 leucis
1214 1661 1327 1708 eontra
1350 1643 1547 1708 occidentem
1568 1659 1617 1708 est
1639 1650 1800 1707 Barbarion
1813 1646 1886 1727 ⁴²⁴),
1913 1646 1953 1711 de
1975 1646 2063 1711 tribu
2082 1647 2202 1714 Benia-

528 1765 606 1844 min,
627 1763 670 1827 de
692 1787 757 1849 quo
767 1765 838 1828 -fuit
859 1761 987 1848 Semey,
1009 1761 1095 1825 filius
1117 1759 1256 1840 Gerae„
1278 1762 1332 1845 qui
1356 1758 1524 1823 maledixit
1545 1759 1671 1840 Dauid,
1699 1761 1826 1847 quando
1846 1762 1929 1848 fugit
1948 1784 1969 1826 a
1988 1763 2074 1828 faeie
2094 1764 2202 1830 Absa-

528 1877 591 1959 lon,
613 1891 648 1943 ut
668 1878 788 1943 dicitur
807 1879 839 1944 ll
860 1878 1064 1963 Regnm⁴²⁵,-.
1106 1876 1150 1939 Et
1171 1887 1219 1940 est
1242 1885 1384 1939 castrum
1406 1877 1485 1939 satis
1506 1875 1673 1962 pulchrum
1695 1887 1728 1940 et
1749 1878 1783 1940 in
1804 1891 1912 1943 monte
1933 1877 1997 1943 alto
2017 1881 2123 1946 situm.

477 2011 511 2062 ts
654 1993 774 2058 Subtus
796 2016 874 2059 uero
895 1995 928 2058 in
951 1992 1036 2057 ualle
1058 2005 1172 2057 contra
1194 1994 1350 2057 orientem
1373 1993 1405 2054 in
1426 1992 1479 2054 uia
1500 1995 1590 2078 regia
1607 1992 1648 2056 de
1662 1992 1844 2058 Adummim
1860 2005 1908 2058 est
1923 1999 2012 2074 lepis,
2034 1999 2090 2084 qni
2105 2019 2202 2063 noea·

528 2121 582 2176 tur
604 2112 764 2190 Baetem),
786 2108 843 2173 lilii
865 2107 990 2188 Ruben,
1011 2131 1147 2193 magnus
1168 2110 1201 2172 in
1221 2107 1350 2171 modum
1375 2104 1505 2186 clibani,
1527 2120 1557 2170 et
1579 2107 1707 2172 uidetur
1728 2130 1799 2172 esse
1819 2130 1969 2174 marmor.

479 2249 512 2300 so
655 2227 707 2291 De
728 2226 902 2290 Bachurim
926 2237 1039 2290 contra
1061 2223 1269 2304 occidentem,
1291 2233 1446 2307 quantum
1469 2220 1520 2285 bis
1542 2235 1647 2308 potest
1668 2226 1774 2288 iacere
1794 2246 1899 2305 arcus,
1918 2224 1989 2291 loco
2012 2227 2203 2313 procliuiori

530 2356 580 2408 est
601 2343 839 2422 sectantem),
873 2340 1041 2405 castellum
1063 2340 1192 2405 Martha
1218 2351 1249 2404 et
1269 2338 1384 2402 Marie.
1425 2340 1510 2402 Ante
1542 2341 1632 2403 cuius
1663 2341 1827 2405 introitum
1850 2344 1955 2406 minus
1976 2365 2073 2429 quam
2094 2347 2202 2411 iaettm

529 2460 571 2523 sit
589 2457 727 2544 lapidis,
758 2458 850 2521 iuxta
878 2458 1051 2521 cisternam
1073 2459 1104 2519 in
1127 2479 1242 2541 eampo
1263 2453 1444 2519 ostenditur
1464 2453 1571 2535 locus,
1599 2453 1655 2520 ubi
1674 2455 1815 2520 Domino
1837 2456 2027 2522 Bethaniam
2055 2462 2201 2527 uenienti

528 2575 632 2661 primo
655 2575 796 2637 occurrit
819 2572 948 2636 Martha
970 2587 1001 2635 et
1023 2583 1135 2657 postea
1157 2571 1261 2635 Maria
1284 2569 1326 2635 ab
1345 2592 1383 2633 ea
1407 2583 1532 2635 uocata.

650 2688 689 2753 ln
709 2687 870 2752 Bethania
892 2687 998 2752 adhuc
1021 2686 1201 2751 ostenditur
1223 2687 1337 2751 domus
1359 2685 1501 2751 Simonis
1520 2685 1649 2773 leprosi,
1672 2690 1705 2751 in
1727 2709 1791 2773 qua
1811 2709 1885 2751 cum
1906 2709 1944 2753 eo
1965 2690 2115 2755 recubuit
2130 2691 2200 2757 Do·

527 2806 632 2868 miuus
652 2804 778 2869 ihesus.
820 2803 899 2867 Item
924 2802 1037 2868 domm
1058 2803 1200 2883 llarthe,
1231 2804 1264 2866 in
1286 2824 1350 2888 qua
1370 2802 1430 2866 fuit
1451 2805 1563 2888 sepius
1586 2802 1774 2889 hospitatus.
1816 2802 1888 2883 Que
1909 2804 2005 2869 hodie
2026 2817 2076 2871 est
2098 2807 2200 2873 eccle

528 2922 632 2984 siaiu
654 2919 776 2984 honore
798 2921 943 3005 ipsarum
965 2920 1061 2983 facta
1105 2919 1185 2983 Item
1208 2918 1390 3003 sepulerum
1404 2918 1534 2999 Lazari,
1556 2917 1596 2981 de
1617 2940 1680 3003 quo
1702 2921 1912 2984 resuscitatus
1932 2921 2001 3002 finit,
2022 2944 2088 2988 non
2101 2922 2199 3010 longe

529 3034 571 3100 ab
591 3033 736 3100 ecclesia.
781 3032 845 3099 Ubi
873 3045 920 3098 est
946 3035 1033 3099 facta
1055 3033 1180 3121 capella
1202 3033 1449 3110 marmorea⁴²⁵l
1481 3033 1576 3098 ualde
1604 3033 1721 3098 decens
1742 3048 1773 3099 et
1795 3035 1930 3121 pulchra
1959 3047 1990 3101 et
2011 3060 2199 3106 monumen·

530 3163 599 3215 tum
621 3154 727 3237 ipsum
750 3136 910 3214 marmore
931 3163 1050 3215 tectum
1058 3154 1094 3228 ¹³),
1115 3153 1149 3215 in
1171 3149 1287 3235 quod‘s)
1309 3170 1368 3234 ego
1391 3153 1492 3213 eciam
1508 3149 1667 3215 descendi.
1701 3149 1872 3216 Sarraeeni
1888 3151 2021 3218 multum
2035 3155 2199 3224 honorant

529 3265 713 3353 sepulcrum
735 3265 821 3330 istud
843 3280 977 3352 propter
998 3265 1187 3330 miraculum
1210 3268 1463 3330 resuscitationis
1484 3266 1528 3331 ibi
1548 3269 1667 3330 lactum
1692 3288 1711 3329 a
1732 3267 1882 3332 Domino.

477 3391 510 3442 to
651 3380 844 3446 Recedeudo
875 3381 915 3446 de
937 3381 1095 3446 Bethania
1121 3381 1262 3444 nondum
1291 3380 1418 3444 uidetur
1440 3381 1613 3446 Ierusalem
1643 3393 1777 3469 propter
1806 3396 1947 3450 montem
1969 3385 2077 3451 olineti
2100 3390 2198 3454 inter·

529 3500 685 3584 positum,
714 3498 771 3563 sed
799 3497 1017 3574 ascenditur&
1046 3500 1149 3583 primo
1179 3508 1283 3561 tumor
1310 3496 1442 3584 quidam
1470 3512 1571 3577 terre,
1597 3512 1629 3563 et
1650 3498 1777 3562 uidetur
1797 3523 1873 3586 pars
1894 3501 2032 3587 quedam
2055 3506 2199 3571 ciuitatis

529 3612 646 3677 dilecte
668 3636 740 3677 cum
762 3626 871 3677 monte
887 3613 975 3678 Sion.
1017 3611 1091 3696 Eya
1103 3611 1205 3692 Deus,
1227 3623 1304 3697 quot
1326 3611 1441 3677 deuote
1461 3613 1594 3678 lacrimo
1612 3626 1685 3678 sunt
1702 3614 1802 3680 inille
1817 3615 1887 3681 loco
1902 3617 1971 3682 fuse
1985 3619 2198 3700 uidentium⁸)

529 3727 575 3792 ibi
598 3727 830 3793 exultationem
855 3731 1003 3792 uniuerse
1027 3740 1129 3807 terre,
1152 3729 1314 3791 ciuitatem
1338 3730 1424 3814 regis
1446 3730 1570 3814 magni!
1599 3729 1628 3795 0
1651 3743 1771 3817 quanta
1793 3742 1863 3796 erat
1883 3733 2054 3816 exultatio,
2084 3737 2197 3803 uidere

529 3844 635 3909 locum
656 3844 759 3929 glorie
781 3843 861 3924 Tue,
882 3843 966 3908 bone
987 3844 1099 3921 ihesu,
1129 3865 1202 3906 eum
1222 3842 1311 3906 locus
1332 3845 1506 3928 ignominie
1527 3845 1596 3909 Tne
1618 3858 1650 3910 et
1670 3847 1867 3913 confusionis
1889 3871 1961 3915 eum
1982 3862 2072 3916 tanto
2094 3857 2196 3941 tripu·

529 3959 583 4025 dio
603 3960 770 4025 uideatur!
793 3958 859 4024 Sed
879 3959 1040 4036 omissis‘)
1062 3957 1210 4023 omnibus
1232 3958 1274 4022 ad
1295 3959 1469 4023 Ierusalem
1492 3963 1680 4047 quantocius
1702 3965 1877 4031 ueniamus.

478 4079 507 4130 ⁰¹
653 4077 872 4142 Descenditur
892 4078 992 4162 igitur
1013 4075 1053 4139 de
1075 4088 1199 4155 monte,
1221 4087 1252 4138 et
1272 4076 1387 4139 iterum
1409 4077 1525 4140 ciuitas
1546 4075 1663 4141 dilecta
1684 4077 1870 4144 occultatur.
1892 4082 1993 4146 ·Item
2014 4083 2074 4148 sub
2095 4084 2198 4151 latere

528 4192 675 4259 orientali
699 4195 815 4257 montis
839 4192 948 4257 oliueti
971 4195 1061 4255 iuxta
1084 4195 1269 4270 Betlpieqe,
1302 4212 1363 4275 que
1386 4190 1428 4255 ad
1449 4195 1567 4256 iactum
1588 4192 1706 4279 lapidis
1729 4194 1930 4274 dimittiturss)
1955 4198 1999 4262 ad
2020 4200 2197 4284 sinistram,

529 4307 590 4374 sub
613 4317 721 4373 monte
741 4310 946 4389 offensionis,
979 4311 1011 4372 in
1034 4306 1134 4387 ualle,
1164 4306 1289 4370 uieulus
1311 4307 1406 4372 ualde
1428 4331 1567 4394 paruus,
1600 4308 1784 4374 ascenditur
1813 4334 1872 4397 per
1892 4310 1976 4376 latus
1999 4316 2143 4382 australe
2166 4330 2198 4384 et

529 4424 655 4509 giratur
677 4447 768 4488 mons
792 4423 911 4489 oliueti.
954 4424 1091 4489 Uenitur
1113 4421 1156 4486 od
1176 4422 1295 4504 locum,
1326 4422 1381 4488 ubi
1402 4422 1561 4489 Dominus
1583 4427 1708 4490 asinmn
1731 4427 1892 4508 aseendit,
1921 4441 1953 4493 et
1974 4433 2126 4498 continuo
2149 4458 2195 4499 re·

530 4538 678 4624 splendet
699 4539 814 4602 ciuitas
838 4562 911 4603 eum
933 4539 1053 4626 templo
1076 4551 1107 4603 et
1128 4536 1262 4603 ecelesia
1285 4538 1398 4603 Sancti
1419 4538 1565 4626 Sepuleri
1588 4552 1620 4605 et
1647 4543 1767 4605 sanctis
1790 4541 1866 4606 locis
1890 4547 2014 4611 ceteris.
2059 4547 2196 4615 Uenitur

530 4676 608 4737 ergo
637 4652 679 4717 ad
707 4652 895 4717 descensum
924 4654 1041 4718 montis
1069 4653 1192 4734 oliueti,
1221 4653 1276 4718 ubi
1303 4653 1406 4718 turbis
1428 4655 1673 4741 precedentibus
1696 4671 1726 4722 et
1750 4658 1955 4743 sequentibus
1977 4674 2009 4726 et
2030 4661 2196 4730 clamanti-

530 4766 606 4834 bus:
639 4768 806 4849 „Osianna
826 4768 891 4832 titio
912 4768 1066 4833 Dauidl“
1090 4782 1121 4834 et
1141 4768 1314 4833 letantibus
1337 4769 1504 4836 benedicto
1527 4773 1593 4836 eius
1616 4771 1773 4854 aduentu,
1795 4775 1869 4861 Ipse
1892 4777 2006 4841 uidens
2029 4781 2194 4846 ciuitatem

598 4934 625 4993 al
638 4931 719 4999 filies
737 4931 838 5000 pernisi
856 4928 897 4986 St.
914 4960 945 4970 -
964 4930 992 4993 1))
1010 4940 1110 4986 rectum
1127 4931 1167 4988 St.
1185 4941 1278 4988 tectam
1296 4933 1322 4990 h.
1341 4964 1373 4977 —
1392 4937 1418 5005 e)
1435 4953 1487 5004 prro
1505 4934 1545 4990 St.
1564 4939 1666 5004 quode
1685 4938 1844 4992 coniectura
1860 4939 1992 4996 dedimus.
2012 4970 2042 4982 -·
2059 4943 2088 5013 d)
2105 4963 2196 5000 aare*

663 5015 707 5067 dit
723 5012 762 5069 St.
789 5015 945 5068 escemlt'ter
961 5013 986 5069 h.
1010 5046 1042 5054 -
1069 5017 1094 5085 e)
1113 5017 1177 5069 uide
1195 5016 1234 5072 St.
1259 5019 1353 5071 aarum
1371 5017 1396 5071 h.
1419 5020 1566 5072 utentium
1593 5037 1608 5074 e
1631 5020 1790 5075 coniectura
1812 5022 1944 5081 dedimus.
1970 5056 2002 5065 -
2026 5026 2053 5096 f)
2073 5029 2197 5085 uentris

664 5096 778 5153 8111-
796 5101 824 5169 g)
843 5099 980 5151 disciditur
992 5098 1030 5154 St,
1047 5100 1193 5153 dimittitur
1202 5098 1230 5155 h.

592 5241 663 5310 42³,
688 5237 856 5313 Adorrtmim]
890 5236 1078 5311 AdummIm,
1111 5259 1213 5300 recens
1246 5240 1343 5299 Kal'at
1385 5239 1577 5299 Vandeveldii
1596 5241 1724 5300 tabulam
1747 5245 1972 5324 geographieom
1995 5258 2064 5308 sect
2088 5256 2120 5319 o.
2148 5250 2196 5309 ubi

531 5335 659 5396 eleem
690 5334 822 5395 dimtum.
871 5337 968 5394 Aliam
999 5350 1097 5398 tamen
1122 5337 1224 5398 urbem
1247 5338 1342 5398 dicere
1384 5340 1541 5418 ascriptum
1562 5350 1607 5398 est
1628 5341 1835 5403 Betobudison.

530 5433 853 5495 videtuanrchardus.
871 5467 911 5477 —
932 5434 977 5495 (ll.
999 5455 1057 5494 vau
1079 5436 1116 5496 de
1138 5435 1233 5496 Velde
1255 5435 1341 5496 Mem.
1445 5463 1516 5534 425)
1539 5462 1579 5518 ῃ
1594 5462 1714 5538 Qum]
1733 5463 1820 5527 ΧΠ
1836 5473 1862 5527 5⁴

530 5554 558 5614 p.
575 5530 1073 5706 ²izpjvbffgffilphssihrbs,
1105 5632 1297 5694 Sohubertum
1319 5637 1343 5694 si
1447 5587 1519 5657 ηδ)
1542 5585 1620 5658 lap&
1642 5588 1732 5664 Bm]
1754 5588 1790 5649 V·
1814 5590 1932 5654 Numer·
1955 5590 2091 5666 XXXH,
2115 5598 2142 5654 3·

531 5729 679 5810 sequeris,
711 5740 755 5789 ost
781 5749 882 5788 reeens
904 5730 972 5789 Abu
993 5732 1066 5806 Dis3
1095 5731 1174 5811 qnod
1194 5743 1291 5791 tamen
1312 5735 1342 5793 in
1446 5709 1695 5785 427)Β“1“1”“ἀ1
1729 5732 1806 5772 nunc
1838 5714 2039 5794 el·'A⁸irlj0h·
2088 5715 2134 5776 Cf.
2167 5737 2193 5777 v.

531 5828 651 5889 dubium
679 5837 766 5888 vocat
793 5827 944 5887 Robinson
973 5829 1037 5889 Pal.
1065 5830 1104 5891 11.
1133 5835 1191 5892 312
1223 5841 1292 5891 nota
1314 5840 1340 5893 «l.
1376 5805 1512 5865 &umes
1533 5826 1562 5886 P·
1586 5808 1654 5867 ²7⁴·

532 5926 577 5987 Cf·
598 5926 691 5986 Ῑῖῑῐῐθῑ
711 5926 772 5986 XV
795 5930 845 5999 (1)-
877 5931 951 6000 43⁷3
980 5949 1006 5987 v·
1028 5927 1156 5989 Rssumer
1183 5951 1210 6009 p.
1236 5936 1289 5993 158
1313 5943 1342 5993 et
1445 5936 1516 6006 428)
1536 5933 1650 6013 capello
1674 5936 1848 6010 rnormorea]
1878 5935 2085 6008 Declamare,
2116 5936 2193 6018 quod
