5334 6975
1298 704 1338 765 93

476 890 585 968 potest
613 879 804 965 dispensari.
862 878 897 943 Si
920 903 1002 943 uxor
1022 881 1089 943 eius
1112 878 1326 974 adulterata³)
1343 882 1456 960 fuerit,
1477 880 1629 944 sacerdos
1652 891 1707 943 aut
1730 881 1921 964 continebit,
1944 884 2032 959 autb)
2053 883 2152 947 eccle·

477 998 559 1061 siam
584 1005 616 1060 et
638 997 779 1060 officium
804 995 928 1081 perdet,
950 1018 1033 1058 uxor
1055 1018 1132 1060 uero
1154 1018 1269 1060 nasum
1290 995 1424 1082 perdet,
1448 1006 1480 1058 et
1499 996 1559 1077 uir,
1583 998 1732 1082 quicum
1755 1019 1794 1061 eu
1818 997 2005 1080 concubuit,
2029 1010 2150 1064 castra·

478 1111 579 1193 bitur,
598 1113 746 1198 quamuis
769 1113 871 1175 ceiam
893 1112 989 1175 fucrit
1010 1121 1176 1175 uxoratus.
1219 1112 1310 1176 Istud
1329 1112 1450 1175 factum
1472 1112 1533 1175 fnit
1555 1133 1605 1175 me
1628 1124 1786 1197 presente.
1829 1114 1958 1178 Mortuo
1982 1113 2151 1178 sacerdote

477 1251 561 1293 uxor
594 1227 777 1293 continebit.
822 1225 856 1290 Si
884 1229 1099 1309 contraxerit,
1126 1229 1201 1312 igne
1232 1227 1448 1309 cremabitur3
1476 1229 1504 1291 si
1521 1230 1677 1291 meretrix
1704 1229 1801 1292 fucrit
1821 1231 1922 1310 facta,
1953 1229 2053 1293 nichil
2075 1229 2151 1293 mali

477 1345 630 1430 pacietur.
674 1344 719 1407 Et
751 1355 800 1406 est
830 1364 946 1405 nouum
978 1352 1131 1406 statutum
1164 1342 1252 1429 apud
1280 1366 1351 1408 eos:
1387 1344 1547 1408 Sacerdos
1576 1344 1752 1408 secundum
1780 1344 1964 1430 apostolum
1992 1348 2151 1429 uirginem

479 1459 574 1524 ducet
602 1482 747 1523 uxorem.
775 1496 815 1504 —
845 1456 1035 1522 Sacerdotes
1061 1460 1287 1523 Armeniorum
1313 1471 1346 1523 et
1375 1459 1635 1545 Georgianorum
1667 1461 1892 1525 discernuntur
1923 1484 1943 1525 a
1970 1460 2066 1545 uulgo
2094 1484 2151 1546 per

477 1599 620 1663 pannum
642 1575 750 1639 album
770 1575 898 1655 lineum,
923 1596 1018 1660 quem
1038 1573 1242 1637 circumdant
1262 1575 1404 1661 scapulis
1427 1586 1459 1639 et
1480 1576 1570 1641 collo.

603 1715 721 1795 Fures,
754 1717 809 1801 qui
840 1715 967 1777 minora
995 1715 1081 1778 furta
1105 1716 1321 1796 committunt,
1355 1714 1408 1779 uel
1431 1715 1655 1782 malefactores
1682 1717 1737 1782 alii
1760 1719 1994 1781 committentes
2016 1720 2151 1780 crimina
2172 1727 2203 1777 10

477 1833 604 1895 minora
626 1842 826 1910 castrantur,
855 1852 894 1892 ne
922 1828 1005 1893 filios
1028 1839 1183 1913 generent
1204 1840 1412 1915 paternorum
1435 1834 1604 1897 eriminum
1626 1835 1812 1897 imitatores.
1855 1833 1898 1896 Et
1925 1834 2052 1896 uidetur
2072 1834 2151 1897 mihi

479 1970 550 2012 esse
572 1971 636 2011 una
658 1970 764 2028 causa,
787 1969 887 2032 quare
909 1956 956 2009 tot
978 1949 1162 2009 meretrices
1186 1955 1259 2008 sunt
1279 1946 1342 2010 ibi:
1364 1947 1456 2011 multi
1478 1951 1564 2012 enirn
1581 1963 1654 2013 srmt
1672 1949 1718 2013 ibi
1735 1949 1882 2029 cunuchi,
1904 1960 1935 2011 et
1950 1972 2060 2012 omnes
2078 1962 2153 2012 sunt

478 2062 591 2127 famuli
612 2063 768 2127 nobilium
789 2062 968 2142 mulierum,
991 2071 1021 2124 et
1044 2062 1150 2142 credo,
1173 2062 1258 2148 quod
1281 2064 1394 2147 regina
1415 2065 1568 2128 Armenia
1591 2065 1699 2151 plures
1722 2088 1817 2150 quam
1836 2065 1896 2127 XL
1920 2063 2034 2128 habuit
2056 2087 2153 2127 cunn-

480 2178 572 2258 choS,
603 2178 731 2264 quando
762 2200 850 2241 cram
879 2177 967 2263 apud
995 2199 1072 2241 earn.
1116 2179 1182 2242 Nee
1211 2177 1315 2241 nullus
1346 2180 1526 2263 ingreditur
1553 2181 1594 2243 ad
1628 2204 1698 2243 cam
1720 2180 1898 2260 masculus,
1931 2182 1994 2242 nisi
2014 2179 2054 2243 dc
2075 2203 2153 2264 rege

479 2292 617 2357 licencia
643 2294 786 2380 speciali.
830 2293 894 2373 Qui
923 2294 1024 2355 eciam
1054 2294 1233 2358 eunuchum
1261 2294 1401 2380 aliquem
1432 2318 1473 2358 cx
1503 2298 1631 2359 nomine
1654 2298 1812 2380 assignat,
1841 2296 1894 2381 qui
1918 2294 2152 2378 ingredientem

482 2409 650 2474 conducat.
693 2410 850 2474 Similiter
870 2410 906 2472 fit
927 2409 966 2472 de
990 2408 1137 2473 omnibns
1159 2410 1321 2474 nobilibus
1343 2412 1542 2493 mulieribus
1563 2423 1595 2475 ct
1615 2412 1722 2475 uiduis
1742 2422 1773 2475 ct
1793 2411 1962 2474 maritatis.

606 2550 712 2635 Reges
735 2562 766 2614 et
788 2551 952 2635 principes
977 2563 1008 2612 ct
1030 2572 1139 2613 omues
1162 2549 1285 2614 nobiles
1308 2551 1443 2614 audiunt
1463 2550 1674 2615 libentissime
1698 2551 1833 2614 uerbum
1854 2551 1927 2613 Dei.
1970 2549 2065 2613 Unde
2088 2562 2151 2614 cot·
2173 2565 2199 2614 11

483 2665 562 2730 tidie
589 2668 631 2730 ad
658 2667 770 2731 horam
793 2667 924 2729 terciam
948 2665 1129 2728 uerthabitc
1158 2667 1226 2729 siue
1254 2667 1405 2730 monachi
1432 2669 1554 2730 curiam
1584 2669 1670 2751 regis
1703 2669 1771 2730 siue
1796 2668 1954 2752 principis
1966 2677 1989 2744 ⁰)
2018 2666 2152 2729 alicuius

485 2781 620 2865 adeunt,
651 2783 693 2846 ad
715 2806 796 2866 quos
819 2782 926 2845 statim
950 2781 1108 2845 accedunt
1135 2782 1299 2867 principes
1327 2784 1392 2867 ipsi
1414 2782 1464 2845 uel
1487 2782 1699 2846 dominicum
1723 2782 1797 2846 filiis
1819 2785 1885 2847 suis
1907 2795 1938 2845 et
1960 2781 2153 2868 potentibus.

482 2898 667 2985 Apponitur
694 2897 777 2961 liber
805 2897 921 2982 aliquis
951 2897 1118 2981 scripture.
1160 2896 1204 2959 Et
1227 2896 1344 2981 legitur
1366 2921 1476 2961 coram
1498 2900 1543 2962 cis
1565 2904 1597 2962 in
1621 2899 1764 2983 uulgari,
1794 2901 1870 2985 quia
1891 2899 2034 2983 linguam
2057 2896 2153 2960 aliam

484 3017 640 3095 nesciunt,
663 3028 694 3078 ot
715 3015 889 3099 exponitur
911 3014 956 3075 eis
978 3020 1085 3075 textus
1109 3034 1128 3074 a
1149 3013 1329 3090 monachis,
1353 3023 1386 3076 et
1408 3013 1587 3100 ubicunquc
1610 3014 1760 3078 dubitant
1782 3014 1941 3077 seculares
1963 3026 1993 3076 et
2016 3015 2152 3098 questio·

483 3153 540 3194 nes
572 3140 717 3211 mouent,
755 3153 773 3193 a
811 3129 975 3192 monachis
1008 3131 1209 3191 instruuntur
1244 3129 1418 3192 secundnm
1453 3129 1539 3193 dicta
1574 3142 1767 3193 sanctorum.
1827 3129 1962 3210 Qucsiui
1999 3129 2039 3192 ab
2074 3131 2154 3214 ipsis

483 3247 666 3328 monachis,
695 3269 774 3332 quos
807 3243 956 3307 doctores
983 3246 1124 3307 maximo
1153 3244 1389 3329 sequerentur?
1422 3256 1452 3307 ct
1473 3245 1639 3326 dixerunt,
1668 3246 1752 3330 qnod
1779 3247 1862 3309 inter
1884 3248 2058 3331 precipuos
2082 3257 2155 3308 sunt

482 3365 552 3428 isti:
575 3363 734 3427 Iohannes
758 3360 1017 3445 Chrysostomus,
1041 3359 1219 3443 Gregorius
1239 3361 1480 3440 Nazianccnus,
1509 3360 1651 3445 Cyrillus
1672 3361 1923 3427 Alexandrinus,
1947 3401 1984 3410 -
2019 3361 2154 3424 Multum

486 3478 593 3545 deuoti
626 3490 701 3542 sunt
734 3480 766 3541 in
794 3476 929 3541 ecclesia
957 3483 989 3539 et
1020 3475 1129 3540 elerici
1151 3490 1182 3539 et
1203 3475 1294 3558 laiei,
1327 3486 1359 3540 et
1379 3475 1477 3539 nichil
1501 3475 1546 3539 ibi
1567 3478 1688 3539 faciunt
1717 3480 1779 3542 nisi
1803 3477 1888 3562 quod
1908 3490 1963 3541 aut
1985 3487 2078 3540 orant
2100 3487 2155 3540 aut

485 3608 616 3660 cantant
638 3607 693 3658 aut
715 3604 822 3658 cetera
843 3595 980 3673 faciunt,
1009 3614 1070 3678 quc
1096 3591 1136 3655 de
1163 3595 1232 3656 iure
1261 3592 1306 3657 ibi
1328 3594 1398 3656 fieri
1421 3592 1549 3656 debent.
1591 3593 1763 3679 Nrnrquam
1785 3593 1924 3657 uidimus
1954 3593 2092 3679 aliquem
2121 3594 2155 3655 in

484 3712 621 3776 ecclesia
642 3709 749 3774 ridere
770 3709 821 3773 nel
843 3708 1040 3772 dissolutum.

609 3843 759 3909 Officium
781 3845 878 3905 misse
901 3842 1051 3905 deuotum
1073 3851 1121 3904 est
1143 3841 1231 3927 apud
1252 3864 1317 3906 cos.
1353 3840 1449 3906 Calix
1471 3841 1514 3905 ad
1536 3843 1699 3905 sinistram
1722 3841 1833 3906 altaris
1855 3843 1889 3905 in
1909 3863 2002 3904 muro
2025 3842 2058 3903 in
2082 3839 2153 3903 loco

485 3960 527 4045 ad
547 3960 608 4025 hoc
628 3960 730 4039 facto,
764 3980 858 4043 quem
886 3955 929 4019 ad
951 3957 1147 4020 offertorium
1172 3957 1325 4023 diaconus
1347 3981 1418 4020 cum
1441 3980 1548 4043 panno
1570 3959 1671 4021 serico
1695 3959 1841 4043 precioso
1862 3966 2047 4021 reuerentcr
2068 3955 2154 4018 leuat

485 4099 582 4162 super
608 4089 706 4161 caput
735 4097 843 4154 suum,
871 4071 1063 4158 precedente
1092 4094 1163 4135 curn
1191 4073 1388 4137 subdiacono
1412 4097 1482 4136 enm
1504 4072 1661 4153 turibulo,
1692 4084 1722 4137 et
1751 4072 1876 4137 duobus
1899 4071 2057 4136 acoluthis
2080 4094 2152 4134 cum

488 4195 587 4256 cereis
621 4192 725 4255 eciam
757 4187 979 4251 incedentibus
1011 4197 1191 4251 retrorsum
1217 4201 1337 4274 gyrant
1367 4189 1469 4251 altare
1504 4188 1545 4251 ad
1575 4189 1726 4252 dextram
1753 4188 1882 4269 altaris,
1917 4198 1948 4251 et
1976 4198 2052 4250 tunc
2081 4210 2153 4251 cum

486 4310 620 4395 suscipit
642 4308 815 4393 episcopus
836 4315 1021 4366 renerentcr
1044 4314 1075 4366 ct
1096 4303 1190 4366 offert
1211 4326 1282 4366 cum
1306 4306 1387 4367 sieut
1409 4315 1440 4367 et
1462 4306 1564 4368 nostri
1586 4306 1709 4368 faciunt
1732 4303 1927 4369 sacerdotes
1970 4303 2045 4366 Duo
2068 4313 2154 4366 stant

485 4446 557 4488 cum
580 4424 681 4486 cercis
703 4421 848 4484 accensis
869 4430 955 4482 retro
980 4419 1179 4482 sacerdotem
1200 4420 1285 4482 insra
1308 4442 1478 4500 canonem,
1508 4433 1539 4482 ct
1560 4421 1653 4484 iuxta
1675 4444 1729 4485 cos
1753 4420 1815 4483 duo
1838 4441 1912 4482 curn
1932 4418 2083 4483 turibulis
2107 4420 2154 4482 in·

485 4538 554 4603 duti
581 4537 672 4601 albis.
715 4537 790 4599 Duo
820 4557 896 4599 uero
927 4534 1055 4599 diaconi
1084 4546 1169 4598 stant
1194 4537 1228 4598 in
1256 4534 1413 4599 lateribus
1443 4534 1555 4599 altaris
1578 4559 1598 4599 a
1621 4536 1744 4600 dextris
1771 4547 1802 4598 ct
1827 4537 1984 4615 sinistris,
2014 4534 2153 4620 complo-

484 4654 562 4731 eisd)
583 4651 732 4716 manibus
754 4650 867 4714 deuote
889 4661 1028 4731 orantes,
1052 4654 1155 4714 uersis
1177 4650 1320 4715 utdtibus
1343 4650 1385 4713 ad
1408 4674 1526 4738 corpus
1544 4652 1665 4716 Christi
1688 4652 1861 4716 melodiam
1881 4651 2044 4737 quandam
2060 4648 2155 4713 ualde

485 4768 634 4834 deuotam
662 4778 694 4830 et
722 4768 848 4831 dulcem
871 4775 1037 4830 cantantes
1060 4776 1091 4828 ct
1111 4766 1173 4830 sibi
1195 4767 1386 4832 altrinsecus
1409 4767 1653 4853 respondentes.
1697 4767 1788 4832 Istud
1816 4769 1885 4830 sinc
1915 4766 2013 4830 dubio
2043 4765 2155 4828 uidere

484 4893 516 4949 et
538 4885 650 4948 audire
673 4881 914 4947 deuotissimum
938 4892 993 4946 est.

611 5015 715 5079 Multa
747 5014 811 5077 alia
842 5014 911 5077 uidi
943 5017 976 5078 in
1004 5024 1093 5077 terra
1119 5013 1175 5076 illa
1202 5024 1268 5076 tam
1297 5017 1332 5076 in
1360 5014 1468 5097 laicis,
1496 5039 1592 5102 quam
1622 5018 1655 5079 in
1683 5016 1808 5080 clericis
1830 5026 1862 5078 ct
1881 5015 2048 5078 monachis
2070 5036 2155 5078 com·

483 5130 682 5196 mendabilia
705 5131 816 5212 ualde,
840 5153 902 5216 quc
922 5132 978 5194 uix
1000 5132 1033 5193 in
1055 5141 1142 5193 terra
1164 5139 1276 5193 nostra
1296 5129 1367 5192 fieri
1388 5130 1604 5195 crederentur.

610 5264 765 5327 Transiui
797 5275 899 5327 totam
935 5273 1055 5326 terram
1084 5262 1172 5326 illam
1200 5285 1301 5347 usque
1331 5262 1576 5347 Cappadociam
1604 5276 1634 5326 et
1660 5262 1839 5327 Seleuciam
1873 5262 2085 5341 maritimam,
2125 5270 2207 5322 et12

484 5379 560 5443 inde
588 5381 744 5464 nauigaui
767 5377 926 5464 Cyprum,
954 5389 985 5442 ct
1012 5376 1237 5463 perarnbulaui
1266 5400 1325 5462 pro
1354 5400 1472 5461 magna
1501 5390 1595 5464 parte
1622 5382 1797 5463 regionem.
1839 5378 1919 5442 Inde
1947 5377 2101 5461 nauigani
2121 5377 2155 5438 in

485 5494 614 5580 Syriam
637 5506 668 5558 et
690 5497 764 5558 ueni
787 5495 925 5580 Tyrum,
956 5503 989 5557 et
1011 5506 1084 5580 post
1106 5494 1174 5557 dies
1198 5492 1322 5580 aliquot
1343 5493 1418 5555 inde
1439 5495 1597 5577 nauigans
1626 5518 1685 5580 per
1708 5495 1797 5558 littus
1818 5494 1982 5557 Palestinc
2004 5514 2061 5555 seu
2082 5489 2155 5553 Phi-

484 5609 594 5674 listiim
616 5613 813 5696 pertransini
836 5610 1016 5696 Caypham,
1038 5622 1178 5673 montem
1200 5608 1394 5689 Carmelum,
1418 5610 1561 5690 Duram,
1584 5610 1758 5675 Cesaream
1778 5609 1952 5690 Palestine,
1974 5606 2156 5691 Antipatri-

484 5724 577 5806 dam,
608 5727 750 5811 loppcn,
773 5727 946 5807 lamniam,
967 5725 1131 5806 Accaron,
1153 5726 1310 5805 Azotum,
1331 5724 1543 5806 Ascalonem,
1570 5724 1710 5809 Gazam,
1734 5727 1896 5790 desertum
1918 5734 2020 5787 toturn
2044 5742 2156 5783 areno-

552 5910 578 5971 a)
597 5906 724 5960 αὼιὶῒενα
742 5908 779 5962 St.
805 5906 962 5959 aehilteruta
980 5904 1005 5959 h.
1029 5937 1062 5945 -
1090 5904 1118 5969 b)
1136 5914 1255 5960 autom.
1276 5904 1329 5973 St,
1354 5903 1438 5959 habet
1456 5906 1480 5958 h.
1512 5940 1542 5948 -
1568 5908 1594 5977 c)
1608 5908 1750 5976 principis
1767 5925 1820 5961 orn.
1839 5905 1891 5966 St,
1919 5903 2003 5955 habet
2019 5902 2046 5955 h.
2071 5932 2102 5941 -
2128 5902 2157 5965 d)

619 6007 679 6042 cum
693 5989 785 6058 ploaia
801 5990 840 6044 St.
