5334 6975
1338 615 1394 676 108

1121 790 1178 853 IV.
1221 790 1284 854 DE
1305 787 1607 856 IHERUSALEM.

497 957 507 1005 1
653 924 734 989 Inde
755 926 902 989 venimus
924 922 967 987 ad
988 921 1204 1002 lherusalem,
1227 924 1391 988 ciuitatem
1417 932 1578 997 sanctam,
1608 942 1670 1006 que
1692 922 1794 983 eciam
1815 942 1892 984 vere
1914 931 2021 1006 potest
2042 921 2204 985 nominari

494 1060 510 1107 2
530 1042 645 1105 ciuitas
673 1042 763 1104 ruine
793 1050 825 1103 et
850 1038 1087 1102 destructionis.
1128 1038 1167 1100 In
1195 1060 1260 1124 qua
1284 1040 1388 1124 primo
1410 1040 1528 1102 inimus
1552 1036 1594 1099 ad
1616 1035 1786 1100 ecclesiam
1804 1035 1972 1121 ¹sepulchri
1991 1037 2127 1101 Domini
2147 1058 2204 1100 no·

494 1158 589 1226 astri
609 1157 705 1220 Ihesu
727 1155 867 1233 Christi,
896 1164 928 1218 et
956 1177 1020 1218 non
1049 1154 1213 1240 potuimus
1234 1154 1357 1217 intrare
1377 1154 1559 1218 nolentibus
1583 1152 1781 1215 sarracenis.
1823 1151 1904 1215 Inde
1932 1151 2138 1216 ascendimus
2160 1150 2204 1215 ad

494 1285 675 1337 smontem
698 1270 805 1356 Syon,
837 1271 1016 1350 ciuitatem,
1052 1291 1147 1354 quam
1170 1269 1335 1333 edifieauit
1355 1280 1387 1334 et
1414 1268 1615 1354 expugnauit
1635 1265 1756 1331 Dauid.
1799 1265 1850 1330 Ibi
1877 1269 2059 1332 inuenimus
2081 1278 2204 1332 turrem

527 1386 653 1467 Dauid,
684 1385 724 1448 de
753 1386 906 1449 maximis
935 1396 967 1448 et
999 1384 1165 1471 quadratis
1196 1386 1285 1448 saxis
1319 1384 1518 1464 edificatam,
1556 1385 1657 1447 eciam
1688 1381 1774 1469 quod
1789 1383 1831 1458 ²¹)
1859 1381 2060 1447 destruentes
2086 1385 2121 1447 in
2148 1382 2203 1446 de-

494 1501 682 1566 estrucndo
712 1500 898 1564 defecerunt
928 1511 959 1563 et
981 1499 1104 1586 aliquid
1126 1499 1169 1563 ad
1191 1501 1380 1564 memoriam
1401 1500 1606 1585 reliquerunt.
1649 1499 1769 1563 Postea
1789 1498 1971 1562 inuenimus
1991 1498 2114 1579 Iocum,
2145 1497 2203 1562 vbi

494 1617 704 1681 odecollotus
727 1618 787 1679 t'uit
809 1626 939 1680 sanctus
960 1616 1097 1679 Iacobus
1119 1618 1231 1679 maier.
1275 1615 1339 1680 Vbi
1361 1640 1446 1679 nune
1468 1625 1517 1678 est
1545 1613 1696 1694 ecclesia,
1726 1624 1758 1677 θῖ
1784 1616 1818 1677 in
1847 1614 1983 1679 ecclesia
2013 1612 2203 1678 decollacio-

494 1734 580 1796 tnis
604 1742 653 1796 est
674 1754 830 1813 marmor,
859 1730 944 1817 quod
973 1731 1080 1795 adhue
1103 1731 1243 1795 ostendit
1264 1731 1398 1795 rubeum
1421 1732 1610 1814 sanguinem
1630 1739 1841 1793 cruentatum.
1882 1729 2001 1793 Postea
2022 1730 2204 1793 inuenimus

496 1847 644 1929 elocum,
669 1847 724 1910 vbi
744 1848 803 1910 fuit
824 1846 1009 1910 cenaculum
1031 1846 1110 1910 illud
1131 1847 1255 1932 grande
1278 1858 1423 1911 stratum.
1467 1844 1530 1909 Vbi
1553 1845 1614 1909 fuit
1636 1845 1785 1909 edificata
1805 1847 1950 1909 maxima
1972 1844 2119 1926 eeclesia,
2142 1865 2204 1930 que

530 1987 571 2026 ex
591 1986 657 2026 vna
679 1972 771 2048 parte
794 1963 934 2025 eontinet
956 1962 1069 2026 cellam
1093 1964 1161 2026 siue
1184 1966 1383 2027 mansionem
1407 1961 1498 2026 beate
1512 1960 1616 2024 Maris
1638 1962 1774 2046 virginis
1791 1971 1866 2047 post
1880 1962 2101 2026 ascensionem
2115 1959 2205 2024 Filii

494 2078 582 2141 elix
610 2078 676 2141 alia
704 2088 797 2163 parte
822 2080 856 2141 in
885 2077 1014 2162 longum
1043 2080 1184 2141 continet
1215 2077 1335 2159 Iocum,
1365 2078 1420 2141 vbi
1449 2081 1575 2140 cenauit
1598 2075 1745 2142 Christus
1775 2098 1847 2140 cum
1870 2076 2038 2163 discipulis
2061 2079 2146 2157 suis,
2173 2087 2205 2139 et

480 2170 510 2286 ff
531 2194 605 2274 alia,
629 2215 691 2277 que
710 2195 786 2256 fecit
809 2193 921 2257 eodem
945 2216 1025 2256 sero.
1068 2194 1112 2256 Et
1134 2193 1178 2257 ibi
1200 2205 1249 2257 θεῖ
1270 2194 1383 2273 altare,
1405 2191 1461 2255 vbi
1484 2191 1647 2256 ordinauit
1668 2206 1903 2257 sacromentum
1923 2193 2127 2257 eucharistie.
2161 2191 2205 2255 Et

531 2310 575 2373 ibi
601 2312 705 2373 eciam
733 2318 781 2372 cst
812 2307 916 2382 locus,
941 2307 997 2371 vbi
1030 2308 1180 2392 discipuli
1210 2323 1302 2373 crant
1334 2310 1541 2393 congregati,
1569 2307 1697 2392 quando
1725 2309 1829 2372 sactus
1851 2318 1900 2372 est
1920 2319 2053 2394 repente
2075 2306 2116 2371 de
2137 2306 2205 2371 celo

482 2437 511 2485 12
530 2449 635 2489 sonus.
677 2425 721 2488 Et
742 2425 774 2487 in
796 2423 908 2487 eodem
930 2422 1002 2488 Ioco
1027 2424 1140 2488 subtus
1165 2438 1214 2488 est
1236 2426 1378 2505 mansio,
1402 2423 1455 2487 vbi
1478 2446 1549 2489 sero
1570 2436 1663 2488 erant
1684 2423 1835 2509 discipuli
1858 2426 2046 2509 congregati
2068 2433 2203 2509 propter

482 2550 650 2603 131netu1n
673 2539 855 2620 Iudeorum,
879 2550 911 2602 ct
931 2537 1030 2620 locus,
1053 2540 1108 2604 vbi
1132 2543 1220 2604 stetit
1241 2543 1275 2603 in
1296 2540 1401 2603 medio
1424 2563 1535 2604 eorum
1556 2550 1587 2603 ct
1609 2540 1708 2603 dixit:
1730 2540 1822 2621 „Pax
1845 2539 2205 2605 vobiscum!“1biest

530 2655 647 2737 altare,
677 2655 786 2742 ibique
815 2654 1048 2718 celebrabimus
1077 2667 1109 2718 et
1136 2655 1375 2741 predicauimus
1402 2666 1566 2739 gementes
1587 2667 1617 2719 et
1639 2655 1751 2719 flentes
1774 2666 1805 2718 et
1827 2655 2033 2719 vehementer
2054 2657 2204 2719 timentes

480 2782 512 2832 14
530 2771 636 2835 occidi
656 2794 676 2834 a
700 2771 898 2834 Sarracenis.
943 2768 993 2833 Ibi
1017 2793 1120 2856 prope
1141 2773 1233 2834 iuxta
1255 2768 1426 2834 ecelesiam
1456 2783 1504 2833 est
1527 2770 1697 2856 eolmnpna
1720 2770 1955 2855 flagellacionis
1978 2769 2118 2852 Christi,
2147 2769 2203 2834 ad-

480 2861 512 2977 l}
531 2887 596 2952 huc
617 2890 757 2971 vestigio
780 2888 946 2971 sanguinis
971 2884 1093 2950 Christi
1115 2898 1291 2949 cruentata.
1332 2885 1383 2949 Ibi
1405 2888 1497 2950 iuxta
1519 2900 1567 2949 est
1589 2886 1703 2951 domus
1724 2887 1828 2967 Anne,
1852 2887 1956 2950 soceri
1972 2884 2116 2972 Cayphe.
2152 2885 2203 2949 Ibi

482 3018 510 3066 lt
533 3025 636 3089 prope
660 3017 708 3066 est
726 3002 824 3083 Iocus,
848 3001 905 3064 vbi
919 3002 1045 3083 Petrus,
1067 3011 1236 3088 postquam
1260 3005 1394 3085 negauit
1409 3002 1583 3083 Christum,
1605 3026 1754 3087 egressus
1776 3003 1863 3065 foras
1879 3002 1969 3065 fleuit
1983 3024 2103 3065 amare.
2140 3000 2205 3065 Vbi

482 3133 511 3182 18
530 3120 564 3180 in
587 3120 776 3182 memoriam
798 3117 1037 3201 negociacionis
1059 3117 1110 3181 vel
1133 3141 1242 3181 amare
1264 3118 1357 3182 fletus
1380 3130 1411 3181 et
1432 3120 1612 3203 penitencie
1625 3118 1714 3181 Petri
1736 3117 1888 3182 edificata
1909 3128 1959 3180 est
1976 3117 2122 3182 ecclesia.
2153 3115 2203 3181 Ibi

482 3242 512 3291 19
531 3235 762 3299 descendentes
783 3233 823 3297 de
847 3242 955 3296 monte
976 3235 1066 3318 Syon
1087 3235 1269 3298 inuenimus
1289 3234 1395 3298 Iocmn
1416 3234 1552 3297 fratrum
1582 3234 1832 3319 predicatormn.
1876 3233 1939 3297 Vbi
1967 3232 2074 3298 adbuc
2097 3244 2207 3298 manet

479 3319 511 3435 {i
530 3353 681 3427 ortusffl).
717 3350 778 3413 Est
800 3361 906 3413 autem
927 3348 1016 3413 Iocus
1039 3351 1121 3414 inter
1141 3350 1295 3435 templum
1311 3349 1494 3413 Salomonis
1517 3361 1548 3413 et
1570 3348 1723 3434 templum
1738 3350 1881 3413 Domini.
1914 3349 1965 3411 De
1979 3348 2098 3434 templo
2113 3348 2204 3414 Salo·

479 3475 511 3525 22
529 3469 632 3531 monis
648 3465 788 3530 vidimus
800 3466 850 3546 23),
875 3464 959 3529 vnde
974 3465 1186 3550 precipitatus
1201 3467 1261 3529 suit
1274 3464 1423 3547 Iacobus,
1439 3467 1538 3529 frater
1552 3465 1695 3530 Domini.
1729 3465 1793 3530 Vbi
1808 3477 1856 3530 est
1871 3467 2047 3529 maximum
2065 3469 2203 3554 precipi-

479 3594 512 3643 23
531 3585 614 3646 cium
629 3605 726 3668 super
740 3581 856 3645 vallem
871 3582 1033 3665 Iosophat.
1052 3580 1155 3659 Quem
1168 3580 1272 3644 Iocum
1287 3580 1425 3666 repleuit
1436 3582 1588 3646 Salomon
1607 3604 1679 3645 eum
1695 3582 1858 3646 edificauit
1873 3581 1964 3660 [alias
1976 3581 2029 3647 illo
2046 3583 2204 3663 mellel²⁴).

480 3713 512 3764 24
655 3696 733 3761 Indo
756 3706 909 3760 exeuntes
931 3697 1095 3759 ciuitatem
1118 3697 1309 3759 intrauimus
1332 3719 1479 3782 eampum
1502 3703 1725 3772 Acheldemach,
1755 3699 1809 3783 qui
1836 3720 1936 3781 vsque
1957 3700 1991 3761 in
2013 3696 2206 3764 hodiernum

480 3826 512 3876 25
532 3813 618 3878 diem
639 3826 687 3877 est
709 3811 914 3898 sepulchrum
940 3811 1195 3896 peregrinorum.
1238 3810 1287 3873 Ibi
1312 3834 1414 3897 prope
1435 3813 1615 3876 inuenimus
1638 3812 1751 3876 cellam
1776 3815 1878 3878 sancti
1900 3813 2049 3877 Eunosrii
2074 3827 2106 3878 et
2127 3815 2205 3880 alio·

531 3952 603 3993 rum
625 3943 809 3993 sanctorum
835 3938 970 4013 patrum.

480 4051 512 4100 26
654 4045 733 4109 Inde
759 4043 990 4108 descendentes
1018 4042 1060 4105 ad
1086 4040 1203 4104 vallem
1237 4048 1381 4122 Iosophat
1409 4046 1592 4108 inuenimus
1622 4044 1667 4107 ibi
1695 4043 1842 4108 mirabile
1869 4043 2089 4130 sepulchrum,
2118 4047 2205 4134 quod

531 4161 700 4224 edificasse
724 4160 841 4224 dicitur
863 4160 1017 4224 Salomon
1039 4161 1133 4221 vxori
1158 4181 1230 4239 sue,
1258 4159 1322 4222 filie
1344 4159 1539 4241 Pharaonis,
1568 4183 1665 4244 quam
1686 4172 1808 4223 tantum
1836 4158 1963 4242 dilexit,
1993 4170 2028 4222 vt
2055 4163 2085 4224 ei
2107 4164 2206 4227 ascri·

530 4277 647 4340 bantur
669 4278 806 4342 Cantica
829 4275 1045 4341 Canticorum.

480 4404 512 4453 27
655 4392 706 4454 De
735 4391 818 4455 valle
839 4391 994 4476 Iosaphat
1017 4388 1243 4453 descendimus
1265 4391 1298 4453 in
1320 4391 1464 4473 Iericho,
1496 4393 1611 4476 viginti
1632 4391 1787 4473 miliaria,
1818 4415 1876 4477 per
1904 4393 1990 4455 viam
2012 4391 2120 4475 illam,
2147 4416 2208 4480 per

481 4516 514 4565 28
532 4529 627 4591 quam
649 4506 867 4571 descendebat
888 4506 956 4586 illc,
987 4507 1039 4592 qui
1076 4504 1292 4568 descendebat
1314 4506 1356 4570 ab
1378 4507 1574 4571 Iberusalem
1597 4510 1630 4570 in
1652 4507 1785 4571 Iericho
1830 4507 2023 4593 Quousque
2046 4509 2205 4573 nuncde-

533 4632 620 4684 serta
642 4632 673 4684 et
693 4620 793 4685 dubia
816 4635 864 4685 θεῖ
886 4634 916 4686 et
938 4622 1117 4686 latronibus
1139 4622 1350 4706 frequentata.

481 4749 514 4799 29
657 4737 900 4801 Descendentes
921 4750 1028 4802 alutem
1052 4737 1166 4820 viginti
1191 4735 1331 4800 miliaria
1354 4739 1535 4802 inuenimus
1558 4740 1712 4802 munitum
1741 4738 1927 4819 castellum,
1959 4738 2097 4822 quod²¹¹²)
2118 4739 2207 4804 edifi-

534 4856 620 4918 eauit
642 4853 841 4934 Ptolomeus,
863 4853 947 4916 lilius
969 4852 1088 4931 Abobi,
1110 4850 1165 4914 vbi
1189 4851 1306 4916 occidit
1329 4854 1513 4939 Symonem,
1537 4854 1736 4918 sacerdotem
1760 4877 1922 4939 magnum,
1943 4876 2016 4918 oum
2036 4866 2121 4918 esset
2140 4855 2206 4920 He·

483 4986 515 5035 30
533 4970 629 5035 breus
660 4994 731 5034 eum
761 4968 835 5033 filiis
865 4971 929 5032 suis
950 4971 983 5031 in
1006 4967 1172 5045 conuiuio,
1199 4967 1284 5050 quod
1312 4971 1359 5033 eis
1382 4970 1509 5032 fecerat.
1553 4970 1594 5032 Et
1618 4992 1718 5055 vsque
1740 4969 1836 5033 modo
1866 4981 1914 5033 est
1932 4968 1979 5033 ibi
2001 4972 2114 5051 turris,
2145 4993 2208 5055 que

535 5086 652 5150 dicitur
676 5108 776 5171 vsque
798 5088 830 5148 in
853 5085 1042 5149 hodiernum
1065 5081 1149 5145 diem
1173 5087 1267 5142 turris
1288 5090 1386 5147 rnhea.

482 5211 511 5261 31
660 5202 707 5267 lbi
732 5200 957 5265 descendimus
982 5214 1119 5286 quatuor
1140 5196 1280 5262 miliaria
1303 5203 1335 5265 in
1362 5204 1482 5275 Iericho,
1504 5224 1565 5286 quc
1588 5216 1635 5264 est
1657 5203 1748 5286 quasi
1770 5200 1906 5264 deserta

596 5390 646 5451 21]ι
676 5388 767 5444 ceiam
798 5388 889 5463 qaod]
929 5390 969 5444 ita
996 5399 1026 5445 ut
1053 5400 1082 5447 et
1110 5390 1291 5451 destruentes
1320 5389 1349 5447 in
1454 5392 1504 5459 24)
1529 5385 1665 5443 Absurde
1689 5385 1760 5443 baec
1782 5386 1858 5443 infra
1880 5386 1899 5462 ξ
1923 5390 1959 5445 43
1985 5384 2024 5443 ad
2045 5386 2210 5463 marginem

533 5482 709 5544 destruendo
739 5484 896 5544 delicerent
925 5471 954 5544 et
985 5487 1095 5565 aliquid
1122 5489 1349 5548 admemoriam
1392 5483 1528 5562 ponenda
1555 5505 1621 5543 csse
1653 5483 1797 5544 videntur.
1839 5483 1915 5542 Sunt
1942 5485 2019 5543 enlm
2047 5484 2120 5542 nihil
2151 5485 2207 5543 nisi

532 5584 736 5662 relinquerent.
1392 5584 1509 5660 scriptio
1533 5584 1599 5653 alia,
1619 5585 1753 5661 quamvis
1777 5584 1892 5661 etipsa
1914 5582 2052 5642 absurda.

595 5687 646 5753 22)
666 5684 758 5758 ortus]
784 5685 841 5742 ie.
863 5683 972 5741 hortns.
1454 5687 1504 5753 25,
1532 5684 1680 5739 castellum
1707 5683 1792 5758 qstodl
1830 5682 1903 5742 Cod.
1932 5680 1967 5742 G.
2002 5684 2085 5739 cl‘am
2113 5703 2210 5759 quum

594 5785 645 5853 23)
667 5780 852 5840 Vocabulum
883 5784 973 5839 locam
1000 5802 1015 5839 e
1045 5784 1210 5841 coniectura
1240 5781 1348 5841 addere
1391 5783 1409 5839 i.
1438 5801 1463 5838 e.
1493 5780 1653 5838 clausulam
1680 5801 1782 5859 quam,
1813 5781 1865 5840 sed
1889 5781 2038 5860 praecedit
2059 5785 2210 5852 munitum,

536 5899 593 5936 non
614 5900 712 5939 sumus
732 5882 803 5940 ausi.
1392 5902 1450 5939 non
1474 5881 1623 5938 nrunitam.
