5334 6975
1340 676 1396 737 116

481 867 513 917 18
531 853 685 918 fundatur
705 854 738 916 in
760 853 910 932 terram),
934 851 991 915 sed
1012 875 1212 940 quocumque
1234 854 1328 919 modo
1351 865 1457 940 potest
1480 876 1552 917 eum
1575 854 1731 917 suffocare
1751 867 1911 939 procurat
1948 852 2077 917 Mortuo
2100 855 2203 917 eciam

530 968 651 1053 Magno
675 968 766 1032 Chan
790 968 886 1048 alius,
916 970 970 1050 qui
994 971 1098 1054 surgit
1120 969 1190 1033 loeo
1212 970 1331 1054 ipsius,
1359 972 1428 1033 siue
1452 971 1494 1032 sit
1515 969 1599 1032 iilius
1623 971 1708 1050 cius,
1739 970 1807 1032 siue
1829 968 1928 1049 alius,
1950 970 2071 1052 accipit
2093 990 2202 1032 omnes

531 1107 650 1148 uxores
681 1086 768 1165 eius,
799 1096 829 1146 et
859 1083 938 1146 fiunt
967 1088 1034 1146 eius
1058 1107 1177 1148 vxorcs
1200 1096 1231 1147 et
1251 1084 1419 1166 mulieres3
1454 1108 1562 1170 ymmo
1585 1107 1648 1148 non
1672 1096 1841 1169 reputatur
1863 1085 1971 1166 (than,
2000 1084 2061 1146 uisi
2084 1081 2203 1147 habeat

532 1221 650 1262 vxores
673 1199 805 1262 alterius
827 1198 929 1279 Chen,
953 1213 983 1262 et
1003 1199 1154 1263 mulieres
1176 1202 1293 1264 sistunt
1315 1213 1346 1263 ct
1368 1202 1561 1265 confirmant
1581 1199 1735 1283 Magnum
1759 1199 1859 1264 Chen.

481 1324 513 1373 39
654 1313 806 1378 Mulieres
831 1314 1043 1378 Tartarorum
1074 1327 1146 1379 sunt
1178 1315 1265 1400 apud
1293 1339 1348 1380 eos
1368 1319 1401 1380 in
1424 1339 1541 1401 magno
1564 1316 1699 1394 honore,
1727 1328 1757 1378 et
1787 1327 1919 1401 portant
1940 1337 2077 1378 coronas
2102 1316 2204 1378 maxi·

531 1453 600 1492 mas
629 1453 726 1515 super
749 1453 859 1493 omnes
883 1429 964 1493 alias
985 1430 1153 1500 mulieres,
1187 1445 1218 1494 ct
1243 1429 1304 1494 hoc
1326 1433 1360 1494 in
1381 1434 1567 1495 memoriam
1591 1430 1760 1515 triumphi,
1792 1453 1887 1516 quem
1910 1430 2093 1494 habuerunt
2114 1429 2204 1516 apud

479 1545 690 1630 coquendam
714 1569 866 1630 magnum
892 1546 1023 1609 fluuium
1046 1549 1186 1610 orientis.
1229 1546 1404 1611 Nemeum
1429 1547 1560 1610 Tartari
1584 1558 1691 1609 essent
1715 1570 1754 1609 cx
1778 1545 2070 1630 vnapartcflnuii
2093 1547 2203 1610 011111-

530 1663 668 1725 uersarii
691 1686 802 1726 einum
827 1663 982 1726 forciores
1004 1684 1045 1724 cx
1067 1662 1142 1740 alia,
1166 1676 1195 1725 et
1220 1663 1350 1727 Tartari
1373 1687 1436 1725 non
1460 1663 1616 1725 attolerent
1635 1663 1678 1725 ad
1700 1685 1754 1725 eos
1777 1663 1933 1736 transire,
1957 1662 2088 1725 Tartari
2110 1661 2203 1725 dimi·

531 1789 640 1840 serunt
662 1777 811 1841 mulieres
833 1802 941 1841 eorum
962 1780 995 1840 in
1020 1800 1143 1862 eampo,
1165 1792 1194 1840 et
1218 1781 1287 1863 ipsc
1309 1779 1433 1844 castate
1456 1779 1496 1841 de
1518 1791 1613 1841 nocte
1627 1777 1721 1861 longe
1737 1778 1970 1861 equitaucrunt,
1992 1789 2023 1840 ct
2037 1779 2203 1840 venientes

529 1915 571 1955 cx
599 1892 736 1956 aduerso
765 1904 878 1957 eontra
909 1894 1033 1968 hostes,
1067 1907 1098 1955 ot
1120 1893 1277 1956 dicentes.
1308 1895 1394 1978 (prod
1416 1896 1564 1958 venirent
1586 1892 1627 1956 ad
1649 1892 1871 1956 auxiliandum
1897 1892 2063 1973 Taranis,
2094 1893 2203 1958 hostes

479 2021 507 2072 41
531 2009 742 2074 Tartarorum
771 2010 896 2089 audito,
928 2008 1014 2095 quod
1042 2021 1148 2072 tantus
1179 2013 1340 2074 exercitus
1374 2010 1523 2073 veniebat
1548 2023 1658 2072 eontra
1683 2031 1753 2087 eos,
1781 2010 1884 2070 territi
1915 2010 2074 2092 fugerunt.
2119 2009 2202 2072 Nam

529 2124 679 2188 mulieres
696 2125 907 2189 Tartarorum
932 2137 1045 2210 parate
1069 2139 1158 2187 erant
1183 2124 1225 2187 ad
1249 2124 1368 2189 beilum
1392 2127 1484 2211 quasi
1506 2124 1634 2203 milites,
1657 2137 1688 2185 et
1712 2145 1784 2185 curn
1807 2123 1963 2205 viderent,
1985 2123 2071 2208 qnod
2095 2123 2202 2189 hostes

479 2256 511 2305 tt
530 2255 683 2326 pararent
719 2265 752 2302 sc
782 2240 824 2302 ad
852 2243 976 2325 iirgam,
1010 2264 1164 2325 aggresso
1197 2257 1269 2304 sunt
1291 2267 1345 2305 eos
1366 2253 1397 2305 et
1419 2241 1598 2304 halmerunt
1622 2238 1661 2301 dc
1686 2241 1732 2301 cis
1753 2237 1882 2322 plenam
1906 2240 2084 2302 victoriam.
2128 2241 2202 2326 lpse

479 2368 511 2417 43
530 2360 614 2418 onim
638 2355 849 2424 cedebant-³⁰)
872 2377 913 2418 ex
935 2379 998 2418 vna
1020 2367 1129 2441 parto,
1164 2373 1195 2419 ct
1224 2360 1332 2420 mariti
1356 2382 1464 2421 earum
1488 2381 1529 2420 cx
1552 2354 1663 2418 altera.
1706 2353 1742 2415 ln
1765 2355 1953 2417 memoriam
1974 2356 2084 2440 itaquo
2107 2355 2202 2420 huius

530 2473 664 2534 victorie
687 2471 817 2534 Tartari
848 2483 1075 2534 concesserunt
1103 2474 1149 2534 eis
1181 2475 1339 2537 maximas
1370 2496 1506 2537 coronas
1527 2472 1568 2535 ari
1592 2468 1823 2553 longitudinem
1846 2471 1938 2532 vnius
1962 2470 2061 2534 cubiti
2084 2483 2115 2534 et
2137 2495 2202 2536 am·

479 2593 511 2641 14
529 2586 623 2671 plius.
666 2587 798 2650 'l'artari
823 2600 939 2665 tamen,
964 2610 1002 2649 nc
1024 2587 1174 2650 mulieres
1197 2613 1306 2651 corum
1330 2592 1463 2652 nimium
1487 2586 1706 2672 superbirent,
1735 2582 1919 2666 voluerunt,
1948 2586 2035 2672 quod
2056 2589 2130 2674 ipsa
2150 2610 2201 2653 co·

529 2725 607 2765 rona
630 2701 770 2787 desuper
793 2702 925 2765 haberet
949 2704 1219 2788 tonnam'pcdis,
1248 2717 1278 2766 ct
1307 2707 1338 2767 in
1361 2728 1480 2768 corona
1502 2725 1621 2785 magna
1651 2701 1811 2785 superiori
1833 2710 1926 2784 parte
1949 2712 1998 2765 est
2018 2703 2200 2789 quidemn)

529 2840 586 2902 pes
609 2840 706 2902 super
729 2841 891 2894 eoronam,
915 2820 1005 2903 quasi
1030 2831 1223 2899 contestans,
1245 2820 1331 2906 quod
1355 2822 1426 2905 ipsc
1441 2818 1506 2882 soie
1522 2842 1585 2881 non
1600 2817 1780 2880 imbuerunt
1796 2817 1973 2899 victoriam,
1997 2818 2054 2880 sed
2069 2835 2202 2905 propter

528 2935 627 3012 viros,
650 2936 701 3017 qni
725 2933 899 2996 veniebant
920 2935 966 2995 eis
989 2934 1156 3012 auxilium,
1180 2951 1210 2997 et
1233 2939 1324 3021 (puisi
1350 2936 1477 2999 dicatur
1499 2936 1562 2997 eis:
1592 2934 1703 3012 „Licet
1727 2932 1797 2994 sitis
1819 2943 1985 3013 coronate,
2011 2935 2120 2997 sciatis
2143 2957 2201 2999 vos

478 3053 636 3110 1511111111
659 3071 728 3110 esse
751 3049 809 3110 sub
834 3060 993 3133 potestate
1015 3052 1190 3114 virorum.‘·'
1227 3051 1270 3114 Et
1293 3054 1340 3114 sie
1360 3051 1499 3136 <paulam
1524 3050 1642 3112 imlieio
1666 3049 1805 3110 rmturali
1828 3048 1977 3112 videntur
1999 3051 2200 3136 sornpniasse

528 3163 614 3248 quod
638 3166 793 3248 seriptum
816 3165 917 3226 estin
941 3163 1013 3248 lege
1036 3164 1146 3229 diuina
1159 3169 1215 3244 ⁷²):
1240 3172 1316 3243 „Sat
1340 3174 1397 3228 riri
1413 3179 1562 3246 potestate
1589 3170 1676 3229 erisf·

477 3285 510 3334 16
652 3279 782 3343 'Tartari
806 3281 907 3343 eciam
930 3281 1060 3363 qurmdo
1083 3284 1247 3368 accipiunt
1266 3307 1394 3364 vxorcs,
1417 3296 1524 3346 entant
1547 3307 1601 3344 eas
1625 3307 1644 3344 a
1664 3283 1730 3344 suis
1746 3280 1934 3365 parentibus
1950 3282 2043 3366 quasi
2057 3281 2199 3346 solauam

528 3396 699 3482 quandam,
723 3407 755 3459 ct
776 3395 904 3482 quando
926 3395 1057 3459 tradunt
1080 3401 1204 3473 14111173)Ι
1226 3399 1268 3462 ad
1290 3403 1441 3485 nupcias,
1466 3411 1615 3482 patrantes
1638 3409 1669 3460 ct
1691 3398 1924 3480 consanguinei
1943 3398 2022 3478 viri,
2052 3399 2106 3482 qui
2129 3422 2200 3463 eam

528 3513 668 3597 accipit,
698 3513 818 3575 ducunt
847 3534 918 3575 cam
951 3535 1021 3575 eum
1045 3517 1207 3599 tympanis
1229 3531 1260 3578 et
1282 3531 1399 3593 cantu,
1429 3516 1487 3577 sed
1508 3528 1658 3599 parentes
1681 3526 1712 3576 et
1734 3516 1964 3598 consanguinei
1987 3513 2131 3579 mulieris
2155 3539 2200 3579 se-

478 3649 508 3696 11
528 3642 667 3713 quuntur
697 3650 767 3691 cam
798 3650 871 3690 eum
902 3626 1032 3711 planctu
1059 3632 1151 3712 quasi
1175 3640 1343 3695 mortuam.
1387 3632 1513 3694 Mortuo
1540 3646 1645 3692 autem
1675 3632 1744 3692 viro
1768 3632 1836 3692 cius
1859 3653 1922 3693 non
1943 3630 2041 3693 habet
2062 3631 2200 3717 anrplius

528 3754 719 3828 potestatem
749 3742 932 3806 reuertcudi
962 3743 1004 3806 ad
1037 3745 1165 3807 domum
1188 3761 1373 3830 parentum.
1403 3744 1458 3808 seni
1489 3748 1718 3825 consanguinei
1748 3746 1855 3807 mariti
1884 3745 2025 3809 defuncti
2048 3750 2201 3811 maritant

476 3874 509 3924 48
527 3880 615 3940 cam,
646 3870 679 3922 vt
701 3858 828 3939 volunt,
855 3858 906 3921 vel
935 3870 1043 3922 manet
1066 3871 1220 3945 perpetuo
1243 3862 1275 3923 in
1299 3861 1394 3925 domo
1418 3863 1479 3923 viri
1501 3873 1534 3922 vt
1562 3861 1678 3926 sclaua.
1727 3861 1767 3925 Et
1787 3859 1860 3923 lieet
1883 3860 2014 3925 Tartari
2037 3865 2201 3949 accipiant

527 3975 636 4060 plures
660 3997 778 4038 vxoros
801 3974 912 4054 simul,
935 3984 1042 4038 tamen
1064 3977 1169 4060 prima
1190 3990 1238 4039 est
1261 3979 1362 4041 maior
1385 3988 1417 4039 ct
1438 3987 1606 4062 reputatur
1628 3975 1787 4057 legittima
1795 4025 1802 4055 ,
1826 3988 1857 4039 et
1879 3976 1936 4040 filii
1958 3979 2025 4041 eius
2048 3990 2198 4064 reputan-

476 4098 508 4148 49
526 4102 577 4154 tur
599 4090 763 4174 legiensi,
792 4089 854 4154 alie
877 4113 954 4153 vero
978 4103 1052 4155 sunt
1075 4095 1165 4178 quasi
1190 4093 1376 4157 concubine.
1421 4092 1486 4155 sed
1508 4104 1539 4154 et
1562 4091 1692 4153 Tartari
1716 4091 1847 4155 multum
1868 4093 2026 4156 honorant
2050 4094 2198 4160 mulieres

527 4228 638 4270 omncs
661 4206 701 4270 dc
723 4206 857 4286 mundo,
878 4218 909 4269 et
931 4208 1071 4270 maximo
1094 4230 1184 4287 suas,
1214 4211 1336 4293 etipse
1360 4220 1449 4288 sunt,
1479 4230 1540 4294 que
1562 4207 1744 4291 gubernant
1767 4231 1901 4292 regnum
1921 4208 1972 4271 vel
1995 4208 2141 4293 domum,
2169 4224 2200 4275 et

477 4345 509 4392 50
526 4335 634 4385 emunt
655 4338 686 4386 et
709 4323 860 4399 vendunt,
883 4335 916 4385 ct
936 4338 1009 4386 sunt
1029 4324 1153 4387 feroces
1176 4337 1207 4387 et
1231 4323 1390 4387 bellicose.
1426 4324 1582 4409 Equitum
1605 4338 1711 4386 antem
1734 4336 1768 4386 vt
1792 4327 1862 4403 viri,
1886 4337 1917 4387 et
1933 4325 2116 4411 frequenter
2132 4326 2199 4391 vidi

477 4454 505 4504 5¹
527 4460 582 4500 eas
612 4440 768 4501 intrantes
795 4441 944 4502 ciuitates
974 4462 1045 4502 cum
1074 4463 1152 4503 arcu
1182 4451 1212 4502 ct
1244 4442 1371 4524 sagittis
1400 4442 1562 4503 accinctas
1584 4451 1619 4502 vt.
1640 4443 1735 4504 viros
1780 4443 1861 4504 Sunt
1883 4452 1990 4503 autern
2010 4441 2198 4507 fidelissime

477 4565 509 4614 52
527 4553 593 4614 suis
614 4554 701 4618 viris.
746 4555 829 4618 Cum
851 4556 1012 4618 exereitus
1034 4555 1203 4639 Ategua)
1227 4566 1319 4637 terga
1342 4570 1482 4619 verteret
1506 4558 1696 4619 sarracenis
1719 4557 1751 4618 in
1775 4557 1886 4640 syria.
1908 4554 2129 4641 deprehensus
2151 4572 2199 4623 cst

477 4679 509 4729 53
526 4690 662 4751 magnus
693 4668 771 4732 baro
799 4669 1028 4747 Tartarorum,
1068 4673 1121 4754 qui
1151 4670 1345 4733 sedicionem
1372 4671 1475 4734 fuerat
1505 4672 1715 4736 machinatus,
1769 4672 1851 4737 Cum
1880 4682 1985 4734 autem
2018 4674 2200 4760 imperator

527 4783 619 4849 Ohan
652 4784 918 4870 comprehensum
950 4784 1047 4849 vellet
1073 4810 1146 4849 eum
1176 4785 1340 4861 occidere,
1371 4787 1564 4850 obstiterunt
1597 4786 1725 4849 dorninc
1748 4800 1778 4849 et
1801 4788 1951 4851 mulieres
1974 4788 2198 4871 Tartarorum‚

477 4910 671 4984 bipatentes
702 4923 774 4964 eum
806 4899 867 4963 sibi
898 4901 978 4965 dari.
1024 4902 1096 4980 Quo
1130 4915 1264 4987 accepto
1287 4915 1445 4966 coxerunt
1467 4925 1538 4964 cum
1562 4905 1680 4981 viuum,
1702 4917 1731 4966 et
1756 4903 1915 4969 dederunt
1935 4927 2007 4967 eum
2031 4905 2199 4971 comedere

526 5016 716 5089 incisumif')
739 5039 796 5101 per
819 5028 928 5101 partes
952 5017 1103 5081 minimas
1125 5021 1183 5083 toti
1206 5020 1363 5081 exercitui
1385 5020 1418 5080 in
1441 5018 1622 5102 exemplum
1646 5018 1789 5082 aliorum.

1019 5215 1059 5277 X.
1103 5216 1165 5278 DE
1189 5215 1368 5279 ERRORE
1392 5214 1710 5280 't‘nlr'l‘altonun

496 5358 507 5407 1
654 5343 784 5409 Tartari
808 5347 893 5409 enim
916 5345 1050 5409 eredunt.
1073 5355 1105 5409 et
1126 5358 1301 5431 expectant
1321 5347 1484 5433 quandam
1508 5349 1775 5412 resurrectionem
1797 5350 1919 5414 fatuam
1943 5349 1985 5413 ad
2007 5354 2101 5415 istam
2127 5374 2200 5416 ean·

492 5460 600 5523 adem
623 5462 734 5541 vitam,
758 5474 786 5524 et
812 5460 883 5523 ideo
906 5463 972 5524 suis
998 5464 1131 5525 mortuis
1154 5461 1326 5548 prouidcnt
1349 5465 1568 5548 unusquisqne
1584 5463 1759 5528 secundum
1776 5464 1961 5529 facultatem
1978 5488 2078 5530 suam.
2116 5467 2200 5531 Nam

588 5653 638 5720 69)
662 5650 755 5723 terra]
778 5658 894 5707 terram.
1445 5654 1494 5721 73)
1517 5670 1567 5705 eas
1590 5650 1653 5710 cod.
1676 5649 1712 5709 G.

586 5752 636 5816 70)
660 5746 807 5821 cedebant]
831 5748 847 5804 i.
871 5767 895 5806 e.
917 5746 1087 5806 caedebant.
1444 5752 1494 5819 11)
1523 5747 1588 5805 Hoc
1622 5749 1687 5806 loco
1725 5750 1754 5806 in
1787 5751 1919 5827 margine
1948 5749 2083 5826 leguntur
2112 5749 2201 5809 haee:

587 5847 637 5916 71)
660 5844 732 5906 cod.
757 5846 792 5904 G.
816 5844 905 5903 habet
926 5848 1079 5921 quadrimo.
1383 5847 1462 5902 Note
1486 5847 1520 5901 de
1541 5848 1645 5922 :thaffu
1670 5867 1752 5922 νᾶφε,
1777 5849 1835 5909 t'lio
1856 5850 2018 5907 Holconia.

589 5940 768 6011 11161111.
791 5944 829 6002 11.
857 5951 901 6004 16.
1447 5950 1496 6015 75)
1520 5946 1665 6003 inscisum.
1688 5944 1724 6004 G.
