5334 6975
1288 636 1343 697 141

479 813 519 878 de
540 822 664 899 septem
686 811 937 896 dormientibus,
966 822 1000 878 et
1024 814 1088 878 ista
1106 813 1238 900 scripsit
1262 812 1296 876 in
1323 809 1484 875 alcorano.
1528 808 1594 874 Sed
1621 811 1779 897 magister
1806 811 1909 897 ipsius
1929 812 2033 877 maior
2055 812 2151 880 credo
2168 830 2197 880 31

478 928 564 1016 quod
584 928 645 993 fuit
667 927 836 1014 dyabolus.

899 1125 1057 1195 XXXVI.
1099 1125 1333 1198 MIRAOULA
1356 1122 1728 1191 SARRAOENORUM.

602 1273 776 1339 Sciendum
804 1282 927 1355 autem,
958 1273 1045 1361 quod
1066 1273 1239 1340 Sarraceni
1269 1275 1450 1357 affimant,
1482 1272 1569 1359 quod
1595 1270 1687 1336 multi
1716 1294 1826 1338 eorum
1854 1272 1976 1338 habent
2002 1274 2182 1362 spiritum!

483 1389 668 1478 prophecie.
712 1389 757 1454 Et
779 1389 919 1476 quedam
941 1412 1020 1454 vera
1044 1389 1084 1454 de
1107 1391 1223 1456 firturis
1244 1391 1355 1456 dicunt
1377 1401 1407 1455 et
1429 1388 1530 1453 multa
1550 1387 1642 1452 falsa.
1677 1388 1801 1452 Dicunt
1818 1389 1929 1472 eciam,
1952 1390 2039 1475 quod
2052 1403 2185 1478 vsquc2

478 1504 575 1571 hodie
596 1508 709 1591 vigent
729 1504 896 1586 miracula,
919 1505 975 1568 sed
997 1507 1110 1591 pocius
1133 1518 1207 1571 sunt
1229 1506 1367 1593 quedam
1388 1506 1547 1592 prestigia
1567 1514 1599 1567 et
1620 1505 1713 1589 signa
1734 1503 1993 1568 mendacissima.

601 1621 734 1686 Habent
762 1622 866 1686 eciam
887 1620 1046 1707 quosdam
1065 1621 1236 1707 religiosos
1268 1622 1302 1685 in
1324 1621 1490 1686 Thurchia
1511 1629 1542 1684 et
1563 1618 1716 1702 Perside,
1742 1618 1798 1683 vbi
1830 1630 1879 1684 est
1899 1621 2075 1684 maximum
2096 1622 2185 1689 fri-a

476 1757 556 1821 gns,
579 1747 611 1800 et
631 1736 678 1800 ibi
700 1736 793 1802 multi
814 1738 994 1802 moriuntur
1015 1738 1138 1823 frigore
1160 1738 1263 1802 eciam
1284 1759 1357 1801 cum
1379 1735 1487 1800 multis
1509 1734 1663 1801 vestibus.
1708 1734 1774 1815 Qui
1797 1734 1940 1821 religiosi
1959 1735 2084 1800 vadunt
2104 1746 2185 1808 tos

476 1848 584 1915 taliter
611 1852 704 1934 nudi;
735 1863 859 1938 vngunt
886 1874 920 1916 se
944 1862 1052 1917 tamen
1083 1851 1223 1940 quodam
1253 1852 1340 1935 oleo,
1370 1852 1456 1938 quod
1483 1851 1570 1916 valet
1598 1850 1732 1915 multum
1760 1861 1872 1916 contra
1890 1853 2002 1938 frigus,
2046 1851 2089 1916 Et
2110 1875 2184 1925 ex5

477 1966 709 2032 consuetudine
731 1968 833 2031 eciam
854 1989 919 2030 non
941 1970 1055 2033 timent
1074 1970 1186 2053 frigus.

600 2082 734 2146 Habent
755 2084 858 2146 eciam
879 2084 913 2145 in
934 2083 1079 2148 Baldaco
1102 2083 1259 2169 quosdam
1279 2082 1362 2147 alios
1392 2083 1579 2169 religiosos,
1609 2083 1693 2148 filios
1717 2083 1930 2170 perdicionis‚
1961 2085 2016 2171 qui
2038 2084 2185 2170 despe-6

475 2210 585 2264 rantes
617 2200 807 2284 semetipsos
835 2200 1043 2284 extinguunt,
1077 2202 1184 2285 ignem
1219 2222 1372 2283 magnum
1400 2199 1561 2264 calcantes
1596 2222 1666 2263 cum
1696 2198 1832 2285 pedibus
1863 2198 2079 2282 discalciatis,
2115 2212 2182 2264 vtt

476 2312 621 2378 homines
645 2314 851 2377 admirentur.
893 2313 937 2378 Et
965 2317 1068 2379 eciam
1090 2337 1200 2379 coram
1220 2314 1406 2380 hominibus
1429 2315 1601 2379 comedunt
1631 2316 1819 2401 scorpiones
1842 2325 1874 2378 et
1894 2324 2060 2400 serpentes
2082 2328 2183 2381 nous

478 2430 580 2495 solum
608 2430 741 2511 crudos,
771 2428 828 2493 sed
851 2431 954 2494 eciam
975 2429 1093 2495 crudos
1115 2432 1216 2495 vinos.
1259 2429 1324 2495 Sed
1346 2432 1473 2516 signum
1494 2430 1625 2516 aliquod
1648 2430 1742 2512 vtile,
1778 2439 1857 2517 puta
1879 2429 2149 2496 deliberacionem

477 2546 595 2611 inferni
616 2545 668 2610 vel
690 2544 814 2631 aliquid
835 2544 916 2628 tale,
949 2545 1037 2611 nullo
1059 2545 1155 2610 modo
1186 2557 1323 2632 possunt
1342 2547 1467 2628 facere,
1503 2546 1560 2609 sed
1582 2545 1651 2611 sola
1678 2546 1869 2610 Antichristi
1899 2547 1991 2632 signa
2020 2556 2056 2609 vt
2078 2568 2150 2632 pre·
2209 2536 2212 2545 ¹

478 2683 627 2727 cursores
648 2659 841 2724 Antichristi
862 2661 994 2725 faciunt.
1038 2660 1224 2726 Notandum
1246 2670 1363 2743 autem,
1387 2660 1474 2748 quod
1495 2662 1571 2726 licet
1591 2661 1815 2726 Machometus
1835 2684 1900 2725 non
1924 2661 2093 2747 propheta,
2115 2673 2151 2725 vt
2169 2674 2185 2724 9

478 2777 589 2843 dicunt
611 2776 793 2857 Sarraceni,
816 2775 897 2841 duas
919 2786 1027 2842 tamen
1051 2778 1245 2863 propheciae
1269 2778 1392 2842 dimisit
1414 2777 1616 2860 Sarracenis‚
1639 2800 1719 2865 quas
1742 2776 1839 2841 credo
1861 2798 1932 2840 esse
1954 2777 2033 2840 satis
2056 2799 2150 2840 veras

478 2902 510 2958 et
536 2893 763 2958 conuenientes
783 2891 904 2978 populo
927 2892 1191 2957 Sarracenorum.
1234 2892 1307 2957 Vna
1334 2903 1384 2957 est
1403 2895 1480 2980 quia
1502 2894 1586 2957 dixit
1606 2895 1666 2957 cis:
1697 2894 1797 2976 „Post
1824 2913 1876 2955 me
1907 2889 2096 2956 diuidemini
2117 2893 2152 2956 in
2172 2904 2201 2954 10

477 3007 623 3073 LXXIII
649 3017 753 3072 sectas
784 3009 853 3072 siue
875 3008 1068 3091 diuisiones,
1096 3032 1137 3073 ex
1160 3008 1276 3095 quibus
1305 3031 1372 3072 vna
1391 3018 1517 3073 tantum
1540 3007 1737 3089 saluabitur,
1767 3017 1868 3072 totum
1888 3029 1966 3070 vero
1987 3006 2151 3072 residuum

477 3125 546 3210 igni
567 3122 808 3210 deputabitur.“
841 3124 935 3188 Vnde
958 3147 1029 3189 cum
1051 3125 1115 3211 ipsi
1136 3135 1209 3188 sunt
1230 3123 1327 3187 diuisi
1348 3126 1382 3186 in
1404 3123 1523 3187 multas
1546 3135 1660 3205 sectas,
1684 3122 1818 3211 quilibet
1835 3122 1915 3186 dicit
1930 3122 1970 3186 de
1987 3145 2035 3187 se:
2057 3121 2198 3207 „Egon

478 3262 549 3304 sum
579 3238 653 3320 illa,
683 3260 744 3323 que
774 3238 985 3303 saluabitur.“
1027 3239 1103 3303 Alia
1130 3261 1208 3304 vero
1231 3238 1410 3325 prophecia
1432 3250 1498 3320 est,
1530 3261 1628 3325 quam
1655 3238 1753 3304 credo
1776 3238 1882 3303 adhuc
1903 3239 2200 3322 magisveram.12

478 3355 563 3420 Nam
584 3356 655 3440 ipso
677 3353 762 3418 dixit
784 3355 973 3419 Sarracenis
994 3355 1143 3420 omnibus
1164 3356 1198 3418 in
1220 3353 1390 3419 alcorano:
1420 3354 1555 3437 „Nullus
1577 3365 1721 3419 vestrum
1743 3367 1801 3438 est,
1823 3356 1878 3441 qui
1899 3376 1964 3419 non
1984 3351 2086 3417 vadat
2107 3352 2201 3417 ad13

478 3473 586 3557 ignem
608 3469 755 3534 inferni.“
798 3469 894 3551 Quod
915 3473 962 3535 eis
983 3470 1153 3558 prestabit,
1176 3472 1230 3558 qui
1252 3471 1335 3535 viuit
1357 3482 1389 3536 et
1410 3480 1527 3557 regnat
1547 3473 1581 3535 in
1606 3470 1715 3536 secula
1735 3470 1922 3537 seculorum.
2171 3475 2201 3529 lt

605 3589 738 3665 &plicis
760 3590 832 3648 liber
848 3591 1104 3668 peregrino-clonia
1119 3595 1237 3664 fratria
1258 3589 1461 3666 Ricooli²¹³)‚
1483 3591 1596 3649 ordinis
1615 3593 1844 3667 medicatorum.

542 3790 614 3860 213)
635 3787 791 3866 Inscriptio
811 3795 840 3847 ct
860 3788 1034 3871 subscriptio
1055 3789 1166 3849 habent
1181 3791 1299 3849 Riclot·
1339 3789 1449 3849 fatione
1471 3788 1491 3866 ξ
1516 3795 1528 3849 l
1552 3790 1694 3851 Riooldus
1716 3790 1854 3871 praebet,
1881 3787 1960 3870 quod
1987 3787 2152 3868 praeferen-

481 3889 555 3963 das,
577 3893 749 3958 contextus,
779 3905 865 3964 quom
893 3886 1008 3963 dicunt,
1036 3889 1193 3951 vorborum
1214 3907 1297 3967 prae·
1339 3887 1409 3947 dum
1430 3887 1574 3949 duximus.
