5334 6975
1338 653 1394 714 134

523 828 805 894 commendacioue
834 850 890 891 sue
916 826 999 911 legis
1026 836 1058 890 et
1085 827 1135 890 sui
1163 826 1327 912 prophete.
1374 827 1488 892 Nullus
1517 852 1668 915 umquam
1695 829 1821 893 deridet
1846 829 1962 911 alium,
1989 829 2041 894 vel
2064 830 2127 895 sibi
2141 831 2195 902 ¹⁹²)

525 943 682 1023 detrahit,
708 942 760 1007 vel
783 945 890 1028 ipsum
912 946 1066 1027 increpat.

857 1139 1014 1204 XXVIII.
1054 1141 1116 1204 DE
1138 1140 1474 1205 AFFABILITATE
1495 1142 1558 1206 ΑΙ)
1581 1140 1864 1207 EXTRANEOS.

493 1304 503 1352 t
646 1289 880 1353 Affabilitatem
907 1301 939 1353 et
967 1288 1182 1353 vrbanitatem
1210 1301 1335 1354 tantam
1364 1298 1495 1352 seruant
1516 1312 1629 1354 versus
1652 1302 1842 1373 extraneos,
1871 1290 1958 1376 quod
1979 1313 2039 1356 nos
2063 1294 2196 1379 recipie·

490 1408 602 1472 tbant
622 1417 657 1468 vt
680 1405 821 1489 angelos
866 1405 1005 1485 Quando
1029 1417 1134 1469 autem
1155 1405 1343 1470 volebamus
1363 1409 1485 1468 intrare
1508 1405 1621 1470 domos
1643 1406 1800 1469 nobilium
1822 1406 1873 1471 vel
1896 1407 2096 1492 sapientum,
2126 1431 2195 1472 cum

523 1534 613 1587 tanta
634 1522 741 1585 leticia
764 1545 822 1584 nos
844 1520 1053 1606 recipiebant,
1075 1521 1161 1604 quod
1183 1521 1356 1585 videbatur
1377 1519 1470 1584 nobis
1493 1522 1695 1607 frequenter,
1718 1522 1803 1608 quod
1825 1524 2064 1587 inuenissemus
2087 1524 2195 1610 hospi·

489 1653 570 1704 ‘stes
593 1638 725 1703 ordinis.
768 1636 820 1699 Illi
842 1647 960 1717 autem,
982 1640 1036 1719 qui
1057 1635 1196 1699 libenter
1218 1638 1378 1722 recipiunt
1399 1637 1517 1699 batres
1539 1635 1663 1700 ordinis
1684 1639 1718 1700 in
1741 1637 1889 1702 domibus
1913 1641 1990 1719 suis,
2013 1640 2196 1726 frequenter

523 1756 626 1818 eciam
653 1752 795 1836 quadarn
823 1751 1006 1816 urbanitate
1034 1763 1064 1815 et
1086 1752 1306 1816 familiaritate
1329 1752 1502 1839 petebant,
1534 1751 1620 1837 quod
1640 1751 1765 1836 aliquid
1787 1753 1967 1818 diceremus
1991 1754 2031 1818 de
2051 1755 2125 1819 Dco
2147 1755 2197 1820 vel

490 1871 566 1937 aad
587 1868 903 1934 commendacionem
925 1867 1055 1933 Christi.
1098 1867 1142 1931 Et
1165 1869 1293 1952 quando
1315 1890 1426 1932 coram
1454 1868 1548 1933 nobis
1577 1868 1788 1934 nominabant
1808 1867 1989 1951 Christum,
2021 1893 2196 1957 numquam

492 2072 501 2081 ¹
525 1985 737 2051 nominabant
756 2007 827 2047 curn
850 1985 914 2046 nisi
934 2006 1007 2047 cum
1030 1984 1130 2069 digna
1144 1982 1248 2065 laude,
1270 1982 1408 2048 scilieet:
1429 1984 1601 2065 „Christus
1615 1982 1764 2046 laudetur
1784 1985 1897 2069 lpse!“
1918 1984 1970 2048 vel
1985 1985 2109 2070 aliquid
2125 1987 2198 2053 tale.

491 2085 505 2152 '³-
651 2102 755 2164 Vnum
786 2101 887 2164 eciam
916 2099 1011 2164 valde
1042 2102 1187 2184 grauiter
1217 2098 1380 2180 ferebant,
1410 2099 1495 2186 quod
1526 2097 1714 2163 nolebamus
1744 2101 1885 2163 cumeis
1908 2101 2087 2166 comedere.
2129 2103 2196 2190 Ipsi

524 2222 609 2283 cuim
631 2217 804 2282 sarraceni
831 2216 939 2278 statim
969 2225 1087 2301 parant
1118 2215 1240 2299 aliquid
1263 2214 1305 2278 ad
1330 2214 1579 2294 comedendum,
1610 2237 1684 2278 cum
1707 2215 1749 2278 ab
1771 2225 1926 2280 extraneo
1948 2218 2137 2301 visitantur,
2168 2229 2198 2283 et

493 2336 666 2399 tinaxime
688 2331 829 2412 Arabes,
851 2332 905 2416 qui
929 2341 1002 2394 sunt
1023 2332 1105 2394 inter
1128 2329 1209 2394 alios
1231 2334 1430 2395 Sarracenos
1452 2329 1586 2394 nobiles.
1628 2331 1811 2417 Numquam
1833 2353 1910 2395 vero
1930 2330 2073 2396 lederent
2096 2333 2192 2398 homi·

492 2458 612 2532 tuem,
639 2450 694 2533 qui
724 2470 835 2511 secure
868 2451 959 2533 ponit
988 2469 1021 2509 se
1052 2446 1094 2509 ad
1122 2447 1354 2510 comedendum
1385 2469 1456 2510 curn
1477 2448 1524 2509 eis
1544 2447 1708 2511 inuitatus.
1751 2447 1888 2528 Dicunt,
1919 2448 2004 2533 quod
2027 2461 2076 2512 est
2096 2451 2196 2513 irater

525 2569 609 2648 eius,
640 2567 716 2652 quia
745 2563 884 2628 comedit
909 2584 981 2625 curn
1012 2584 1049 2625 co
1081 2585 1198 2648 panem
1225 2576 1256 2626 et
1283 2563 1400 2643 saleni,
1430 2573 1462 2625 et
1484 2572 1597 2647 postea
1618 2562 1762 2625 defendit
1782 2585 1853 2626 eum
1875 2562 1917 2628 ab
1941 2563 2092 2628 omnibus
2114 2564 2194 2639 aliis,

525 2683 657 2746 eciarnsi
680 2678 852 2743 occidisset
874 2688 998 2762 patrenr
1021 2700 1121 2741 suurn.

906 2875 1030 2939 XXIX.
1074 2876 1136 2940 DE
1159 2875 1420 2942 CONCORDIA
1443 2875 1815 2941 snnnncnnoaun.

494 3036 503 3084 1
649 3025 865 3091 Concordiam
896 3046 973 3088 vero
1002 3037 1032 3089 et
1064 3047 1204 3090 amorem
1227 3026 1273 3089 ita
1295 3028 1441 3089 nutriunt
1461 3026 1658 3106 adinuieern,
1689 3037 1723 3087 vt
1750 3048 1826 3088 vcro
1848 3025 2019 3089 videantur
2042 3049 2114 3091 esse
2133 3028 2194 3091 fra-

492 3153 600 3210 ttres.
644 3143 727 3206 Natu
756 3142 858 3204 eciam
889 3140 1049 3225 loquendo
1070 3141 1252 3205 adinuicem
1274 3144 1415 3205 maximo
1438 3140 1480 3205 ad
1502 3154 1689 3222 extraneos,
1723 3140 1802 3203 dicit
1829 3164 1910 3203 vnus
1934 3139 2043 3204 alteri:
2076 3147 2128 3223 „0
2150 3141 2193 3206 tili

525 3260 638 3323 matris
660 3256 775 3321 rnee!“
795 3257 864 3343 Ipsi
886 3259 987 3320 eciam
1009 3281 1067 3321 nec
1089 3257 1240 3322 occidunt
1262 3281 1296 3320 se
1320 3257 1502 3321 adiuuiccm
1526 3279 1585 3320 nee
1608 3255 1864 3342 expolia11t¹²'³),
1893 3256 1950 3319 scd
1972 3256 2067 3321 horno
2091 3281 2194 3322 sarra-

492 3388 621 3439 tcenus
653 3375 856 3437 securissime
887 3376 1001 3437 transit
1030 3376 1113 3437 inter
1143 3395 1362 3460 quoscumque
1392 3386 1564 3436 extraneos
1593 3383 1624 3435 ct
1651 3372 1809 3436 barbaros
1841 3394 2039 3436 sarracenos.
2092 3375 2195 3437 Semel

526 3491 685 3556 Soldanus
706 3487 875 3553 Babilouie
898 3491 984 3553 misit
1010 3490 1049 3553 dc
1071 3491 1192 3576 Egipto
1216 3490 1348 3554 militem
1371 3490 1434 3553 sibi
1456 3489 1582 3553 fidelem
1604 3490 1637 3552 in
1659 3489 1799 3573 Syriam,
1822 3499 1857 3550 vt
1878 3487 1924 3551 ibi
1945 3498 2031 3552 esset
2051 3491 2191 3554 vicarius

492 3609 594 3670 seius
616 3622 648 3670 et
664 3605 860 3689 gubernaret
881 3608 1083 3691 prouinciauu
1104 3619 1136 3670 et
1157 3608 1298 3669 mitteret
1321 3609 1350 3668 ei
1374 3604 1494 3669 tributa
1517 3607 1692 3690 prouincic.
1738 3604 1801 3682 Qui
1824 3605 1932 3667 statim
1954 3606 1986 3667 in
2010 3604 2194 3690 superbiam

492 3723 627 3787 iclatus
648 3719 816 3785 rebellauit
838 3722 993 3785 aduersus
1016 3721 1179 3785 dominum
1201 3745 1292 3785 suum
1315 3719 1500 3793 baldonum,
1521 3733 1552 3783 et
1574 3730 1641 3783 tota
1663 3721 1831 3806 prouincia
1851 3719 1907 3782 illa
1929 3743 2001 3783 cunr
2024 3747 2070 3785 eo.
2115 3722 2195 3785 Tur-

525 3837 619 3902 batus
643 3834 803 3899 Soldanus
836 3837 923 3900 misit
950 3848 1061 3902 eontra
1087 3861 1159 3901 curn
1189 3839 1365 3900 inanimum
1395 3838 1588 3916 exercitum,
1621 3847 1651 3898 et
1680 3835 1770 3899 miles
1798 3834 1937 3899 infidelis
1960 3858 2000 3900 cx
2023 3848 2118 3922 purte
2140 3860 2196 3902 sua

491 3957 627 4022 cociam
659 3955 872 4039 congregauit
903 3977 1055 4038 magnum
1085 3956 1269 4017 exercitum.
1311 3953 1356 4016 Et
1386 3975 1455 4015 curn
1479 3953 1641 4016 cusentin
1662 3975 1776 4037 canipe
1800 3950 1989 4015 altrinsecus
2011 3954 2197 4019 Immincnte

525 4094 636 4158 pugna
660 4069 811 4132 dixerunt
833 4069 1033 4133 adinuicem:
1062 4070 1196 4152 „Nonne
1219 4093 1327 4133 sumus
1351 4090 1460 4133 ornnes
1484 4068 1680 4132 Sarraceni‘t
1703 4091 1849 4153 pugnare
1873 4068 2053 4132 adinuicern
2075 4093 2142 4135 nou
2161 4068 2195 4135 li-

492 4176 583 4291 {cci
629 4186 816 4270 Accipiatur
838 4185 892 4248 illc
916 4184 1020 4266 solus,
1042 4187 1096 4271 qui
1120 4184 1291 4249 rebellauit
1314 4184 1444 4249 domino
1465 4207 1536 4265 suo,
1569 4195 1600 4247 et
1622 4185 1721 4247 simus
1744 4207 1854 4247 omnes
1878 4186 1909 4246 iu
1930 4187 2042 4269 pace.“
2087 4185 2130 4249 Et
2151 4186 2195 4250 sie

526 4306 633 4368 statim
662 4304 748 4365 lacta
777 4325 857 4387 pact·
891 4314 921 4365 et
949 4325 1075 4365 sumina
1096 4300 1327 4384 tranquillitate
1350 4300 1390 4364 de
1412 4311 1500 4365 tanto
1522 4301 1668 4364 exercitu
1691 4323 1771 4363 vnus
1795 4298 1880 4362 solus
1903 4302 2028 4364 occisus
2051 4303 2194 4366 moritur.

493 4418 620 4481 evade
643 4417 704 4495 llll,
732 4419 785 4502 qui
808 4417 929 4482 habent
952 4417 1055 4502 legem
1079 4418 1249 4481 occisionis
1270 4427 1301 4479 et
1323 4417 1453 4497 mortis,
1485 4415 1598 4480 nolunt
1621 4439 1655 4478 sc
1676 4417 1813 4479 inuicem
1837 4415 2004 4496 occidere,
2034 4430 2066 4480 et
2088 4420 2195 4483 miseri

528 4533 714 4607 Christiani,
735 4534 790 4616 qui
810 4532 930 4597 habent
950 4532 1055 4618 legem
1080 4536 1145 4598 vite
1167 4544 1198 4595 et
1222 4532 1375 4596 mandata
1396 4534 1487 4618 pacis
1511 4545 1542 4595 et
1564 4532 1755 4611 dilectionis,
1778 4555 1812 4594 se
1835 4534 1973 4596 inuicem
1995 4535 2066 4598 aine
2088 4535 2195 4621 aliqua

480 4661 508 4708 lt
526 4650 738 4712 miseracione
761 4648 918 4712 «recidunt.
963 4651 997 4713 bi
1020 4662 1124 4714 autern
1148 4652 1347 4713 sarracenus
1368 4649 1494 4713 occidat
1515 4649 1613 4712 aliurn
1635 4653 1849 4712 Sarracenurn
1872 4672 1949 4712 casu
1971 4664 2027 4713 aut
2049 4674 2088 4713 cx
2110 4662 2196 4717 certa

527 4764 669 4842 malicia,
698 4760 781 4824 lilius
815 4763 865 4827 vel
899 4766 998 4828 frater
1021 4767 1119 4829 occisi
1148 4788 1222 4830 raro
1244 4767 1370 4850 expetit
1397 4765 1588 4844 vindictam,
1615 4774 1647 4827 ot
1676 4776 1812 4848 surgunt
1840 4767 1937 4828 antici
1959 4788 2146 4832 communes
2167 4780 2195 4832 et

527 4887 732 4965 componunt,
754 4888 786 4940 ct
808 4880 973 4964 accipiunt
995 4883 1168 4944 occisorem
1192 4891 1222 4944 ct
1244 4880 1364 4943 ducunt
1389 4903 1458 4943 curn
1483 4882 1648 4965 captiuum
1669 4881 1712 4943 ad
1732 4879 1831 4943 filiurn
1854 4879 1906 4943 vel
1930 4882 2063 4946 fratrem
2087 4885 2193 4964 occisi,

527 4998 581 5082 qui
611 4990 859 5079 apprclmndeus
880 5018 950 5058 curn
974 4995 1062 5059 ducit
1084 4998 1126 5061 ad
1145 4999 1353 5076 cimiterium,
1381 5009 1412 5059 et
1435 4995 1512 5058 dicit
1535 4997 1580 5058 ei:
1608 4995 1733 5076 „Filius
1756 4996 1883 5081 quidem
1905 5000 2018 5062 mortis
2041 5022 2091 5081 es,
2122 5006 2194 5087 qiua

479 5135 505 5184 11
528 5110 674 5176 occidisti
697 5119 822 5193 patrem
844 5133 958 5190 nreurn,
980 5112 1036 5176 sed
1058 5115 1084 5177 si
1107 5126 1138 5177 te
1155 5113 1313 5188 occidero,
1335 5134 1398 5176 non
1414 5110 1575 5174 rchabebo
1591 5124 1724 5197 propter
1739 5110 1799 5175 hoc
1815 5113 1919 5176 curn.“
1950 5113 1994 5177 Et
2009 5114 2116 5180 addit:
2138 5115 2195 5197 „Si

526 5226 717 5292 mulcinen
739 5225 788 5287 vel
811 5227 888 5305 l'uit,
911 5228 997 5314 quod
1020 5231 1144 5292 occisus
1168 5240 1215 5292 est
1236 5252 1316 5292 vnus
1339 5228 1555 5306 Sarraccnus,
1586 5229 1676 5311 peius
1699 5237 1763 5307 cst,
1786 5228 1871 5312 quod
1893 5229 2082 5295 occidantur
2102 5231 2195 5298 duo.“

479 5362 508 5411 12
526 5343 570 5408 Et
599 5340 692 5404 dicit:
720 5345 910 5413 „Iccuurbeltc
926 5347 996 5425 ¹²¹⁴),
1025 5345 1110 5430 quod
1138 5348 1368 5430 interpretatur
1396 5345 1436 5406 sit
1458 5344 1568 5406 Deir<
1602 5355 1632 5406 et
1660 5343 1813 5428 proscidit
1845 5349 1982 5409 occisori
2007 5347 2144 5433 capillos
2165 5362 2195 5413 et

479 5481 508 5531 13
527 5459 658 5524 dimittit
681 5477 752 5516 euin
774 5458 806 5518 in
828 5481 916 5542 pace,
960 5460 1047 5541 Quid
1068 5463 1164 5546 igitur
1185 5460 1227 5523 ad
1249 5461 1495 5523 excusacionem
1518 5481 1608 5522 suam
1632 5458 1748 5521 dicturi
1771 5470 1845 5523 sunt
1863 5460 2048 5545 Christiani,
2072 5466 2127 5548 qui
2148 5464 2193 5529 di·

527 5587 603 5640 cunt
625 5569 769 5636 cottidie:
789 5573 946 5652 „Dimitte
968 5577 1060 5641 nohis
1084 5577 1192 5640 dehita
1214 5589 1334 5655 nostra,
1358 5577 1440 5639 sicut
1462 5586 1493 5638 et
1515 5597 1573 5638 nos
1595 5574 1837 5638 dirrrittiruus‘t“

593 5783 660 5848 ten)
683 5773 745 5855 sibl]
769 5776 841 5852 ei‚s
874 5776 910 5835 de.
932 5798 966 5836 eo
989 5777 1122 5850 detrahit,
1144 5780 1171 5836 ei
1190 5778 1341 5838 obtrectat.
1448 5800 1514 5863 194,
1538 5795 1591 5853 Est
1613 5795 1691 5853 arab,
1716 5781 1813 5859 alls,
1839 5770 1938 5893 ω’,ὒ
1966 5797 2064 5867 (ielrua
2085 5799 2195 5872 hidati)

595 5927 661 5982 [aar
683 5925 834 5996 expoliant
856 5917 893 5978 G.
1385 5921 1420 5976 sit
1444 5921 1472 5976 iu
1499 5920 1569 5978 Deo.
