5334 6975
1288 664 1341 724 151

478 839 592 925 Ibique
613 839 743 924 Ysayas
757 840 797 917 δῖ)
820 841 979 924 propheta
1002 863 1092 905 serra
1113 840 1223 925 lignea
1245 853 1350 905 sectus
1380 840 1441 903 fuit
1462 861 1482 903 a
1500 839 1668 918 Manasse,
1695 861 1772 923 rege
1793 837 2012 920 iherusalem,
2043 848 2075 901 et
2093 837 2187 902 ibi-r

481 954 553 1020 dem
574 955 751 1019 tumulatus
774 954 834 1019 suh
857 978 977 1041 quercu
998 956 1128 1020 Rachel.

605 1071 686 1157 Cap.
708 1071 817 1135 XXV.
860 1073 932 1136 Vno
963 1071 1100 1137 miliario
1123 1093 1143 1134 a
1165 1068 1364 1135 iherusalem
1386 1070 1430 1134 ad
1450 1072 1606 1135 orientem
1628 1081 1676 1134 cst
1696 1094 1779 1133 mons
1803 1075 1917 1148 oliveti,
1945 1071 1979 1169 in
2001 1092 2063 1155 quo
2084 1068 2151 1133 Do·
2172 1079 2182 1127 1

479 1188 583 1252 minus
607 1185 691 1251 sedit
713 1197 826 1251 contra
845 1187 1017 1273 templum,
1047 1187 1177 1273 quando
1206 1185 1356 1272 discipuli
1386 1188 1453 1250 eius
1477 1188 1572 1271 signa
1593 1185 1751 1251 aduentus
1773 1188 1842 1250 eius
1870 1185 1913 1250 ad
1933 1185 2087 1250 iudicium
2110 1183 2152 1248 ab

479 1325 517 1369 eo
537 1303 724 1390 quesierunt
736 1304 786 1378 ⁵⁸).
828 1302 882 1366 Ad
901 1324 995 1387 quem
1016 1304 1120 1367 eciam
1140 1303 1325 1388 frequenter
1347 1304 1450 1366 exiuit
1472 1302 1514 1366 ad
1538 1304 1731 1382 oracionem,
1754 1313 1785 1365 et
1804 1303 1945 1365 maxime
1966 1302 2153 1365 imminente
2171 1316 2186 1365 1

480 1421 632 1506 passione
654 1440 721 1482 sua.
763 1417 877 1503 Ibique
900 1429 949 1482 cat
971 1418 1069 1504 lapis,
1098 1420 1214 1503 inquo
1244 1418 1386 1502 vestigia
1408 1416 1525 1503 pedum
1549 1440 1679 1481 suorum
1700 1429 1877 1503 apparent,
1905 1440 1966 1503 que
1988 1418 2152 1503 inpressit,
2171 1435 2186 1483 ³

480 1534 609 1621 quando
632 1533 770 1598 circulos
793 1533 1003 1610 ascenditV').
1045 1533 1096 1598 lbi
1120 1537 1222 1599 eciam
1244 1544 1292 1598 est
1312 1533 1422 1613 locus,
1452 1535 1486 1597 in
1508 1555 1570 1619 quo
1592 1531 1689 1596 beata
1710 1532 1915 1618 Pelagia⁰⁰),
1949 1555 2067 1617 genere
2086 1532 2185 1597 Ans

477 1648 665 1730 thiochena,
693 1650 909 1735 penitenciam
931 1651 997 1735 egit
1019 1659 1053 1714 et
1074 1649 1202 1737 sepulta
1223 1651 1292 1714 fuit.
1334 1649 1373 1713 In
1394 1661 1501 1713 monte
1521 1648 1630 1713 olineti
1658 1650 1759 1712 eciam
1782 1660 1831 1712 est
1851 1648 2005 1729 ecclesIa,
2035 1649 2067 1710 in
2088 1660 2186 1734 quat

479 1764 639 1830 Dominus
657 1764 823 1851 apostolos
846 1765 956 1829 docuit
978 1787 1071 1829 orare
1093 1764 1212 1846 „Pater
1232 1767 1425 1842 noster“⁶¹).
1468 1765 1511 1828 Et
1532 1763 1578 1829 ibi
1601 1787 1702 1850 prope
1731 1775 1779 1828 est
1803 1763 1906 1850 lapis,
1936 1786 2036 1849 supra
2059 1771 2186 1849 querno

479 1891 567 1944 stans
590 1880 750 1944 Dominus
772 1879 953 1965 predicauit
973 1880 1087 1961 turbis,
1110 1893 1142 1944 et
1163 1879 1333 1945 ostendens
1354 1880 1552 1944 Iherusalcm
1575 1881 1712 1957 fleuit'⁵'²)
1737 1902 1943 1965 supeream,
1974 1879 2152 1955 dicens⁸³):

480 2000 580 2075 „Quia
602 2000 629 2055 si
649 2003 833 2073 cognovisses
856 2008 882 2056 et
904 2008 934 2055 tu
957 1997 1037 2058 etc.“
1083 1994 1178 2074 Quod
1201 1995 1359 2081 inpletum
1381 2007 1429 2059 cst
1452 1994 1511 2059 sub
1534 1996 1631 2060 Thito
1654 2007 1685 2059 et
1709 1996 1929 2081 Vespasiano,
1958 1996 2027 2059 eius
2050 2006 2184 2079 patrer

480 2109 730 2198 imperatoribus
752 2109 981 2174 Romanorum.

603 2225 683 2311 Cap.
705 2224 827 2289 XXVI.
869 2226 907 2288 In
930 2225 1055 2289 declino
1077 2228 1195 2290 montis
1219 2226 1328 2290 oliueti
1351 2238 1382 2290 ot
1403 2228 1560 2291 Bethanie
1583 2240 1631 2290 est
1653 2228 1873 2307 Berptayeta,
1896 2224 2023 2289 viculus
2047 2237 2181 2288 sacer-t

479 2341 600 2406 dotum.
645 2340 708 2404 Vbi
732 2341 890 2405 Dominus
914 2342 1002 2403 misit
1024 2340 1157 2404 Petrum
1181 2354 1212 2405 et
1234 2341 1424 2428 Philippum
1446 2366 1506 2429 pro
1529 2347 1620 2406 asina
1643 2356 1674 2406 ot
1696 2341 1782 2428 pullo
1805 2343 1882 2406 eius.
2169 2352 2184 2400 2

604 2457 683 2541 Cap.
706 2457 845 2521 XXVII.
889 2456 1017 2520 Deinde
1038 2457 1073 2520 in
1095 2455 1178 2542 pede
1201 2460 1317 2520 montis
1341 2457 1449 2522 oliueti
1470 2468 1519 2522 est
1539 2457 1617 2521 villa
1639 2462 1822 2531 (latroniani,
1842 2457 1897 2522 vbi
1909 2457 2067 2521 Dominus
2090 2456 2152 2520 fuit

479 2582 593 2659 captus
616 2595 636 2635 a
657 2572 765 2635 Iudeis
788 2584 818 2636 et
838 2597 857 2636 a
873 2573 956 2636 Iuda
975 2571 1146 2654 osculatus,
1166 2583 1198 2636 et
1218 2572 1264 2636 ibi
1287 2596 1389 2660 prope
1412 2576 1526 2655 orauit,
1549 2574 1727 2649 dicens⁰⁵):
1749 2577 1874 2654 „Poter,
1895 2577 1922 2634 si
1939 2576 2080 2651 possibile
2100 2584 2152 2644 est,

482 2700 618 2750 transeat
638 2696 696 2751 etc.
739 2687 803 2751 Vbi
826 2689 927 2752 eciam
952 2700 1001 2752 est
1021 2687 1105 2773 lapis
1116 2689 1172 2770 ⁶⁶),
1195 2711 1288 2774 quem
1312 2689 1472 2753 Dominus
1495 2712 1554 2775 pro
1577 2690 1714 2753 tristicia
1733 2690 1864 2752 strinxit
1887 2700 1918 2752 et
1938 2690 1972 2752 in
1993 2689 2151 2772 inpressis

483 2801 595 2889 digitis
608 2804 649 2880 61)
673 2806 741 2867 eius
762 2802 899 2867 inclusit.

604 2918 683 3005 Cap.
705 2919 859 2986 XXVIII.
903 2918 1030 2982 Deinde
1054 2920 1087 2981 in
1109 2918 1193 2981 valle
1215 2925 1377 2998 Iosophat,
1400 2921 1486 2983 dicta
1508 2943 1527 2983 a
1550 2943 1626 3005 rege
1646 2919 1802 3006 Iosophat
1821 2919 1868 2983 ihi
1892 2918 2031 3005 sepulto,
2053 2920 2153 2995 ibilt)

481 3044 529 3097 est
550 3034 652 3098 eciam
674 3033 857 3121 sepulcrum
879 3033 974 3098 beate
996 3035 1132 3119 virginis
1153 3047 1185 3098 et
1207 3034 1318 3099 Iacchi
1342 3038 1484 3099 minoris

605 3149 685 3237 cap.
708 3149 834 3213 XXIX.
876 3149 1004 3213 Deinde
1025 3151 1090 3213 itur
1113 3149 1156 3213 ad
1178 3162 1306 3236 portam
1335 3174 1485 3233 aurea-in,
1514 3174 1573 3238 per
1602 3174 1697 3235 quarn
1719 3151 1879 3215 Dominus
1909 3152 1943 3214 in
1963 3153 2064 3213 ramis
2086 3150 2184 3235 pal-l

480 3287 606 3330 marum
618 3268 659 3343 19)
681 3266 795 3329 sedens
818 3288 915 3351 super
937 3265 1058 3350 pullum
1081 3267 1171 3329 asine
1191 3268 1338 3330 introiuit
1358 3266 1566 3349 Iherusalein,
1590 3268 1731 3353 gloriose
1754 3275 1910 3351 receptus.
1948 3265 1991 3329 Et
2012 3265 2088 3329 inde
2111 3266 2153 3329 ad
2172 3282 2187 3331 2

480 3383 599 3445 iactum
620 3380 736 3445 baliste
757 3391 806 3444 est
826 3380 980 3467 templum
1001 3380 1135 3444 Domini
1163 3383 1198 3444 in
1226 3393 1335 3446 montc
1356 3382 1477 3462 Moria,
1509 3385 1543 3447 in
1570 3406 1646 3447 area
1669 3384 1834 3458 ornans)
1856 3381 2000 3462 lebussi,
2028 3382 2062 3444 in
2091 3403 2154 3468 quo

482 3511 555 3563 sunt
575 3508 713 3583 quatuor
734 3498 883 3561 introitus
908 3508 938 3561 ct
959 3497 1026 3561 XII
1047 3507 1149 3583 porto.
1188 3500 1226 3562 In
1248 3498 1399 3564 hocloco
1421 3510 1469 3563 est
1491 3502 1592 3586 rupis,
1612 3502 1646 3563 in
1668 3524 1731 3584 qua
1754 3499 1871 3564 dicitur
1892 3498 2023 3562 stetisse
2045 3508 2077 3562 et
2098 3520 2152 3583 ap·
2173 3519 2188 3569 3

482 3615 631 3702 paruisse
652 3612 764 3677 Dauid
785 3611 934 3697 angelus,
957 3614 1188 3679 exterminator
1207 3614 1320 3701 populi
1345 3615 1556 3697 Israhelitici,
1589 3629 1723 3702 propter
1745 3615 2015 3679 dinumeracionis
2036 3634 2153 3699 propo·

482 3732 576 3795 situm
606 3754 626 3794 a
647 3729 758 3793 Dauid
787 3730 879 3793 facte.
923 3728 1017 3793 Vnde
1039 3728 1212 3795 Sarraceni
1241 3729 1337 3795 hodie
1368 3731 1522 3817 templum
1545 3730 1678 3795 Domini
1709 3754 1824 3817 rupem
1837 3731 1876 3807 ⁷¹)
1906 3740 2024 3793 vocant
2058 3738 2091 3792 et
2121 3729 2188 3793 ist

482 3856 573 3911 tanta
598 3847 812 3909 veneracione
843 3844 979 3927 habeut,
1006 3845 1091 3931 quod
1119 3846 1225 3911 nullus
1255 3846 1353 3911 audet
1379 3848 1485 3933 ipsum
1513 3846 1662 3913 sordibus
1694 3846 1874 3928 maculare,
1905 3845 1962 3909 sed
1984 3868 2004 3909 a
2026 3845 2156 3909 remotis

483 3961 616 4025 veniunt
638 3960 684 4025 ibi
706 3960 844 4025 adorare
864 3963 1049 4047 ymaginem
1071 3962 1266 4027 Machameti
1287 3962 1333 4026 ibi
1356 3966 1504 4049 positam.
1547 3962 1677 4028 Nullum
1700 3964 1920 4030 Christianum
1943 3963 2066 4024 intrare
2083 3969 2190 4045 per-t

482 4076 620 4141 mittunt.
663 4076 815 4141 Creditur
844 4098 864 4139 a
891 4076 1087 4161 quibusdam
1117 4077 1216 4142 archa
1238 4077 1302 4141 Dei
1334 4078 1441 4142 adhuc
1468 4081 1501 4142 in
1529 4079 1617 4143 dicta
1639 4102 1719 4165 rupe
1742 4100 1812 4143 esse
1834 4077 1978 4157 inclusa,
2008 4098 2045 4139 eo
2071 4074 2190 4160 quode

483 4191 663 4278 Osyas7'2),
692 4216 751 4257 rex
773 4193 868 4274 Inde,
900 4193 1073 4278 prouidens
1095 4192 1346 4258 destructionem
1369 4196 1509 4257 ciuitatis
1530 4195 1743 4277 Ihernsalem,
1775 4193 1922 4279 precepit
1942 4214 2013 4256 eam
2036 4190 2156 4255 includi

481 4318 515 4373 et
536 4306 701 4372 abscondi.
745 4309 783 4372 In
808 4307 948 4372 secundo
972 4307 1273 4386 Machabeorurn³³t
1296 4307 1343 4372 ibi
1363 4311 1541 4395 reperitur,
1568 4310 1656 4396 quod
1677 4311 1831 4374 Ieremias
1861 4307 2021 4394 propheta
2052 4307 2188 4370 immi-t

483 4432 578 4487 nente
599 4425 789 4507 captiuitatc
811 4424 912 4487 exiuit
933 4426 967 4486 in
988 4437 1146 4506 montem,
1175 4427 1208 4487 in
1236 4446 1328 4509 quem
1351 4425 1483 4510 Moyses
1503 4425 1664 4507 ascendit,
1694 4435 1726 4488 et
1753 4425 1835 4490 vidit
1857 4425 1921 4488 Dei
1944 4413 2157 4488 hereditatem

483 4550 515 4603 et
538 4538 740 4624 speluncam,
770 4540 802 4602 in
832 4562 896 4626 qua
924 4541 1048 4603 inuenit
1077 4538 1321 4604 tabernaculum
1348 4551 1378 4603 et
1407 4540 1509 4605 altare
1536 4543 1674 4624 incensi,
1707 4552 1740 4606 et
1765 4541 1811 4605 ibi
1834 4540 1967 4605 archam
1987 4538 2158 4603 obstruens

545 4744 595 4812 57)
618 4739 652 4799 V.
676 4740 789 4800 Tohler
804 4742 934 4820 'I'opogr
953 4763 980 4801 v.
995 4741 1092 4801 Jerus.
1107 4741 1147 4800 11.
1166 4745 1223 4800 203
1239 4762 1302 4821 sqq.
1344 4744 1454 4802 iectura
1475 4746 1659 4805 correximus.
1698 4745 1745 4805 De
1764 4747 1829 4825 ipsa
1850 4764 1881 4804 re
1904 4743 1940 4803 ci.
1963 4741 2077 4801 'I'oblsr
2098 4739 2159 4797 To-

546 4842 595 4912 68)
617 4838 653 4898 V.
678 4839 790 4898 Tohler
811 4841 868 4899 Die
889 4839 1089 4919 Siloahquelle
1112 4861 1138 4899 u.
1161 4839 1212 4898 der
1233 4838 1301 4899 Osl·
1344 4863 1424 4920 pogr.
1446 4865 1472 4903 v.
1495 4843 1660 4903 Jerusalem
1684 4845 1707 4906 I.
1731 4850 1800 4908 367.

484 4936 556 5015 berg
575 4958 602 5016 P·
628 4941 685 4998 229
710 4958 732 4998 θ’
1407 4961 1456 5030 66)
1479 4957 1551 5019 Vos.
1573 4961 1726 5038 repetitum
1749 4960 1788 5017 iti
1802 4956 1942 5027 abundat,
1964 4955 2079 5014 sicutin
2094 4972 2158 5030 cap.

549 5040 598 5110 59)
624 5035 966 5116 V·T0b10¹'Sll⁰³hP·
991 5043 1037 5109 st,
1061 5042 1108 5107 89,
1135 5043 1301 5097 105-114·
1345 5076 1406 5135 seq.
1429 5067 1458 5116 et
1480 5058 1589 5135 passim
1610 5057 1689 5137 apud
1711 5057 1799 5116 medii
1820 5057 1886 5115 aevi
1907 5056 2070 5133 scriptores.

622 5134 659 5195 V·
684 5134 797 5192 T⁰bl⁸r
820 5133 921 5194 Sil⁰⁸h
943 5158 970 5215 Ρ·
991 5141 1047 5196 ¹25
1070 5156 1134 5214 sqq·
1407 5175 1457 5244 69)
1480 5170 1554 5230 cod.
1579 5171 1682 5232 habet:
1716 5173 1860 5230 Dominus
1889 5171 1918 5227 in
1941 5169 2045 5247 palmis
2066 5186 2158 5225 rama-

549 5138 598 5207 60)

547 5237 598 5305 61)
620 5234 655 5298 V·
680 5233 793 5291 T⁰bl⁰¹
815 5232 915 5346 Sllfflh
938 5257 965 5313 P·
990 5241 1049 5296 239
1073 5256 1136 5314 1(1(1·
1343 5289 1406 5326 runi
1429 5268 1535 5329 sedens
1558 5291 1645 5349 super
1662 5271 1774 5350 pullum
1796 5271 1885 5328 asine.
1908 5301 1947 5311 -
1969 5265 2106 5326 Ceterum
2124 5265 2160 5324 ef·

547 5337 598 5406 6¹2)
622 5333 658 5391 V.
682 5332 796 5391 'I'ohler
817 5333 918 5391 Siloah
940 5355 967 5412 p.
991 5339 1046 5394 231
1072 5355 1134 5413 sqq.
1344 5367 1484 5428 Ev.10h.
1505 5368 1576 5428 XII·
1604 5374 1731 5429 1345.

548 5436 599 5504 b3)

557 5438 562 5452 '
622 5431 721 5489 Lucae
743 5430 832 5489 XIX.
856 5436 903 5491 42.

549 5535 600 5604 64)
623 5530 659 5589 V.
678 5528 831 5587 Robinson
852 5529 916 5588 Pal.
937 5531 978 5590 II.
1001 5533 1060 5589 312
1078 5552 1100 5590 s.
1131 5527 1243 5588 'I'obler
1257 5526 1300 5585 Si·
1408 5485 1456 5554 7⁰)
1479 5483 1515 5543 V·
1538 5482 1646 5544 Chmn·
1669 5484 1687 5544 l·
1709 5484 1770 5545 1⁰·
1794 5485 1829 5541 ²¹
1854 5503 1881 5541 V·
1908 5487 1943 5541 ¹5
1964 5501 2027 5560 ⁸qq·

484 5629 552 5689 logh
573 5649 601 5708 p,
624 5632 693 5688 217,
734 5626 828 5686 Ritu„
847 5626 917 5684 xv,
940 5632 1008 5689 485,
1406 5604 1454 5669 71)
1480 5598 1590 5656 Kobbet
1621 5598 1831 5669 resecarem
1859 5596 1918 5657 vid.
1952 5594 2065 5654 Tobler
2098 5593 2158 5650 To·

549 5730 600 5799 os)
621 5726 722 5786 natta
746 5724 864 5785 xxvi.
887 5730 935 5787 ao.
1344 5713 1424 5772 nosr-
1446 5717 1472 5754 v·
1494 5696 1592 5756 Jerus.
1612 5697 1636 5758 1.
1662 5700 1729 5756 ⁵¹8.

549 5828 599 5897 66)
623 5824 660 5886 V.
684 5823 798 5883 'sobler
819 5823 921 5882 Silosh
942 5845 969 5902 p.
993 5827 1051 5883 218
1075 5842 1096 5881 s.
1407 5812 1456 5882 72)
1477 5811 1580 5871 Iosiss.

548 5928 599 5998 67)
620 5923 685 5983 Lib.
706 5944 758 5982 ms.
781 5923 868 5982 habet
891 5924 1062 5998 digitorum,
1091 5920 1169 5998 quod
1196 5940 1301 5980 scon·
1406 5929 1456 5997 73)
1479 5925 1608 5984 Maccab.
1631 5925 1650 5983 1,
1673 5925 1703 5983 11
1727 5944 1752 5981 e,
1774 5927 1791 5983 2
1815 5944 1841 5982 v,
1866 5930 1891 5982 7,
1914 5927 1940 5983 8,
