5334 6975
1417 703 1436 763 e

592 885 753 942 vetustate
776 876 903 958 deletis,
936 877 1053 942 deinde
1074 881 1196 965 pagina
1217 880 1313 942 tertia
1334 877 1384 943 his
1406 878 1531 943 verbis:
1561 903 1604 939 cvm
1627 883 1658 940 in
1680 882 1826 939 ueteribus
1855 878 2006 958 hystolrijs
2027 884 2157 957 tegamus
2179 881 2265 940 sicud

594 996 683 1068 dicit.
727 992 833 1057 Locus
865 1015 985 1057 vacans
1013 1005 1087 1058 aute
1116 993 1228 1059 literas
1256 1019 1302 1055 υηι
1331 993 1444 1060 literae
1472 994 1588 1058 initiali
1620 995 1795 1080 apictoris
1817 1016 1913 1059 manu
1934 991 2262 1078 exornandasUesti-

592 1121 686 1172 natus
707 1109 806 1173 fuisse
828 1108 963 1174 videtur.

716 1259 808 1322 Finis
837 1257 912 1323 libri
943 1273 1005 1323 est:
1037 1264 1067 1320 in
1095 1264 1151 1320 hac
1178 1263 1270 1320 eciam
1295 1273 1401 1337 postea
1431 1263 1585 1337 lapidatos
1607 1271 1650 1319 est
1672 1262 1822 1320 Ieremias.
1866 1264 2043 1321 Benedictus
2065 1263 2103 1319 sit
2126 1264 2208 1320 Deus
2235 1272 2262 1319 et

591 1387 715 1435 sanctus
738 1380 886 1438 Matiene.
930 1380 1031 1439 Amen.

1080 1580 1108 1639 2.
1139 1588 1376 1638 aroenarnun
1397 1589 1652 1636 nanattsesnss
1675 1572 1738 1648 (ha.

715 1722 951 1808 Apographum
973 1723 1095 1787 formae
1118 1721 1214 1804 illius,
1237 1744 1319 1807 quae
1340 1744 1360 1785 a
1381 1719 1456 1785 folio
1478 1723 1599 1785 minore
1621 1742 1736 1784 nomen
1751 1723 1862 1800 traxit,
1885 1721 1992 1787 seculo
2006 1723 2086 1788 XVI
2102 1726 2135 1788 in
2148 1724 2262 1789 charta

591 1838 765 1922 scriptoria
789 1850 974 1919 exaratum,
1003 1840 1195 1925 paginarum
1218 1843 1274 1919 72,
1297 1838 1437 1923 primum
1460 1838 1600 1901 continet
1619 1838 1833 1921 lragmentum
1856 1836 1896 1901 de
1918 1860 2011 1902 sacra
2033 1861 2148 1921 caetra,
2178 1863 2208 1902 n.
2236 1848 2259 1905 l.

592 1976 622 2038 p.
646 1959 736 2034 3-9‚
760 1952 877 2018 deinde
899 1953 1016 2018 librum
1038 1966 1183 2019 nostrum
1205 1956 1413 2040 inscriptum:

758 2107 943 2165 Itinerorius
976 2117 1055 2165 ter-re
1077 2116 1180 2165 sorrete
1202 2109 1289 2165 valde
1310 2108 1418 2179 bonus,
1444 2106 1538 2164 editas
1566 2127 1584 2164 a
1599 2111 1707 2180 fratre
1727 2108 1905 2164 Borehordo
1926 2110 1960 2165 de
1982 2110 2113 2183 Berphe,
2141 2111 2257 2167 ordinis

755 2224 988 2299 predicatorum.

714 2368 909 2454 Exemplum
942 2369 1003 2432 hee
1032 2391 1095 2432 non
1125 2368 1192 2432 sine
1219 2390 1296 2431 cura
1326 2378 1357 2431 et
1385 2365 1551 2451 diligentia
1582 2367 1776 2448 confectum,
1813 2369 1935 2453 pagina
1967 2374 2002 2434 13
2025 2369 2261 2456 ichnographia

590 2484 749 2573 quadam,
779 2486 907 2571 paginis
930 2491 969 2550 70
993 2496 1024 2549 et
1047 2490 1079 2548 71
1108 2482 1218 2547 tabula
1240 2482 1461 2568 geographica
1490 2493 1637 2546 ornatum
1664 2494 1727 2564 est,
1757 2505 1816 2547 nec
1845 2483 1952 2548 indice
1974 2495 2063 2549 caret
2084 2508 2103 2549 a
2123 2484 2259 2550 librario

592 2600 733 2665 condito.
778 2600 843 2680 Qui
870 2604 902 2665 in
934 2598 1145 2664 describendo
1168 2612 1198 2663 et
1222 2597 1364 2663 codicem
1388 2596 1668 2685 Staphorstianuru
1691 2609 1720 2663 et
1743 2598 1968 2663 Rudimcntum
1992 2602 2189 2665 nouiciorum
2213 2627 2261 2665 se·

590 2729 708 2801 quutus
731 2739 802 2780 esse
823 2715 960 2780 videtur.

934 2923 960 2982 3.
983 2925 1009 2982 t.
1033 2923 1060 2979 5.
1083 2931 1229 2979 senices
1251 2931 1563 2978 rnarrsnavmxsss
1585 2932 1671 2978 rnre
1694 2913 1756 2988 (Va
1778 2912 1830 2975 Vb
1853 2913 1921 2990 Vc).

716 3063 798 3126 Tres
821 3064 1003 3128 Burchardi
1033 3064 1160 3129 codices
1188 3075 1335 3127 asservat
1357 3062 1558 3130 Bibliotheca
1579 3063 1810 3128 Universitatis
1833 3063 2115 3143 Vratislavicusis,
2147 3064 2258 3129 eadem

590 3201 700 3242 ornnes
721 3180 846 3245 ratione
868 3183 1068 3268 incipientes,
1091 3179 1148 3244 sed
1170 3180 1279 3243 varies
1302 3180 1335 3242 in
1358 3179 1470 3244 modos
1493 3190 1658 3244 exeuntes.

715 3327 828 3394 Codex
857 3329 1114 3393 vratislaviensis
1141 3333 1263 3414 primus
1286 3328 1379 3408 (Va),
1402 3327 1683 3410 membranaceus,
1707 3329 1830 3392 termae
1853 3328 1919 3393 felii
1943 3330 2091 3404 minoris,
2114 3331 2258 3414 signatus

591 3445 649 3510 IV.
671 3446 708 3511 F.
735 3451 805 3528 191,
829 3446 937 3510 seculo
959 3445 1039 3510 XlV
1062 3450 1159 3520 (certe
1179 3456 1252 3530 post
1274 3466 1393 3509 annum
1416 3449 1505 3520 13173
1529 3445 1685 3530 scriptus,
1709 3446 1849 3509 continet
1869 3443 1945 3510 folia
1970 3451 2034 3512 165.
2078 3444 2259 3509 Barchardi

590 3561 767 3647 descriptio
789 3575 895 3626 terrae
919 3572 1051 3625 sanctae
1074 3572 1119 3624 est
1143 3583 1216 3646 pag.
1242 3565 1410 3626 itt-151.
1454 3559 1646 3645 'l'egumenti
1667 3562 1699 3623 in
1721 3560 1817 3625 dorso
1840 3561 1977 3646 legitur?
2005 3568 2144 3642 Legenda
2165 3566 2261 3624 enoior

591 3682 622 3740 S.
644 3681 806 3757 Hedwiqis.
850 3678 963 3742 insunt
995 3679 1028 3740 in
1055 3676 1115 3740 hoc
1141 3674 1303 3739 volumine
1331 3674 1516 3740 collective:
1546 3675 1700 3761 Legenda
1722 3678 1824 3741 maior
1846 3677 1885 3741 de
1906 3677 1937 3742 S.
1959 3677 2126 3762 Hednige.
2167 3678 2262 3741 Vitae

589 3792 782 3855 Pontificum
805 3792 898 3857 Rem.
919 3793 961 3856 ad
985 3815 1012 3857 a.
1039 3797 1125 3858 1216.
1167 3792 1262 3856 Vitae
1285 3792 1374 3855 Rom.
1420 3792 1654 3878 imperatorum
1683 3792 1725 3856 ab
1748 3792 1929 3858 Octaviano
1957 3792 1999 3858 ad
2023 3818 2050 3858 a.
2074 3798 2159 3860 1309.
2202 3793 2259 3857 Hi-

592 3909 694 3972 storia
716 3907 843 3974 Hieros.
867 3908 909 3973 ad
931 3908 1106 3973 Robertum
1131 3930 1208 3972 com.
1229 3907 1364 3972 Flandr.
1396 3908 1545 3992 Denique
1558 3907 1766 3973 Burchardus
1788 3909 1829 3974 de
1842 3908 1952 3974 Monte
1969 3908 2066 3996 Syon.
2103 3908 2152 3974 Cf.
2165 3909 2262 3972 Perta

591 4023 714 4089 Archiv
737 4025 783 4088 IV
806 4029 845 4090 99
869 4048 936 4111 sqq.
960 4024 1008 4088 xl
1032 4031 1099 4092 mn

715 4174 814 4239 Liber
845 4174 913 4256 hic,
943 4174 1018 4239 olim
1044 4175 1296 4257 ‚‚Sanctissimae
1318 4174 1465 4257 Virginis
1487 4173 1611 4238 Mariae
1638 4176 1670 4237 in
1697 4173 1981 4238 Heinriclnn'iensi
2010 4177 2202 4239 monasterie
2226 4186 2257 4240 b.

592 4289 674 4354 Ord.
697 4289 807 4372 Cistf‘,
831 4314 914 4355 nunc
937 4304 1126 4356 asservatur
1148 4294 1181 4354 in
1202 4290 1402 4356 Bibliotheca
1426 4290 1656 4355 linivcrsitatis
1678 4289 1954 4371 Vratislaviedsis,
1976 4289 2057 4354 alias
2078 4289 2263 4355 biblotheca

592 4405 729 4468 centrali
751 4406 845 4471 dicta.

715 4553 828 4621 Codex
856 4556 906 4619 Va
935 4557 1048 4641 incipit
1079 4579 1099 4619 a
1131 4555 1256 4619 verbis:
1291 4559 1488 4618 Dilectissimo
1522 4560 1553 4616 in
1583 4560 1700 4617 Cimisto
1728 4561 1815 4617 Itesu
1843 4559 1932 4634 patri
1950 4558 2056 4631 fratri
2081 4560 2262 4617 Barchardo

590 4675 693 4731 lectori
705 4680 846 4748 fratrum
869 4675 983 4733 ordinis
1001 4677 1227 4750 predicatorum
1258 4677 1288 4733 in
1310 4677 1521 4751 llopdeburcls.
1564 4671 1608 4735 Et
1635 4671 1744 4735 finitur
1766 4670 1890 4735 verbis:
1919 4693 2000 4748 quem
2023 4675 2189 4749 larrspadem
2219 4677 2262 4733 di·

590 4791 668 4847 citur
690 4793 816 4848 iliartho
845 4792 887 4848 od
912 4792 1047 4848 honorem
1074 4792 1206 4866 sepulcri
1233 4792 1332 4849 sancti
1361 4791 1545 4849 constituisse
1567 4799 1594 4848 et
1615 4792 1754 4848 Losoras
1768 4796 1877 4864 frater
1898 4789 1968 4847 eius.
2013 4790 2153 4864 E‘splicit.

715 5114 827 5180 Codex
848 5116 1106 5181 vratislaviensis
1129 5117 1210 5182 alter
1225 5118 1301 5197 (Vb)
1323 5118 1523 5199 chartaceus,
1543 5120 1665 5183 termae
1685 5117 1753 5182 solii
1775 5118 1919 5197 minoris,
1942 5119 2087 5202 signatus
2113 5118 2126 5181 l
2146 5117 2174 5180 F
2192 5124 2261 5195 221,

590 5228 688 5293 habet
711 5229 994 5317 subscriptionem:
1016 5238 1150 5295 Finitom
1171 5258 1251 5296 anno
1270 5238 1393 5295 [sonant
1418 5241 1503 5317 1497,
1527 5238 1557 5294 in
1581 5238 1714 5295 crastino
1736 5239 1834 5296 saneti
1854 5237 2029 5303 Francisei,
2058 5238 2132 5294 horo
2154 5237 2262 5295 tercio-

590 5369 655 5406 rum
678 5351 726 5407 eet
747 5352 850 5426 φακὴ
874 5351 1004 5428 corripe,
1025 5354 1123 5411 tector.
1167 5349 1228 5414 Est
1249 5349 1399 5414 volumen
1421 5348 1653 5414 collectaneum
1674 5349 1823 5414 foliorum
1847 5356 1923 5432 tn»,
1954 5352 1988 5414 in
2010 5349 2106 5413 dorso
2128 5350 2262 5435 inserip-

590 5474 674 5525 tum:
708 5464 843 5524 conrasi
863 5468 1000 5526 Sutconis
1027 5489 1139 5527 enorme
1167 5472 1202 5528 de
1225 5470 1369 5530 trinitate.
1413 5465 1586 5530 Tractatus
1611 5465 1650 5529 de
1672 5476 1759 5529 terra
1779 5477 1891 5530 sancta
1919 5477 2027 5530 exstat
2047 5463 2133 5528 foliis
2155 5470 2264 5530 239--

590 5584 659 5644 24⁰.
702 5576 789 5642 Olim
812 5591 882 5643 erat
902 5583 1130 5646 canonicorum
1152 5583 1406 5667 Augustinorum
1429 5580 1676 5666 Saganensium.

713 5728 830 5814 Incipit
853 5730 936 5792 sicut
958 5730 1091 5815 primus,
1112 5730 1221 5794 finitur
1243 5730 1368 5795 verbis:
1391 5735 1422 5792 in
1440 5735 1577 5792 missione
1600 5735 1733 5810 Spiritus
1756 5736 1862 5793 Sancti
1882 5734 1992 5792 Parthi
2014 5734 2096 5791 ,ttedi
2120 5744 2170 5794 cet.
