5334 6975
1337 644 1394 703 118

529 819 660 883 vocauit
678 839 734 881 eos
756 815 797 879 de
819 816 981 881 montibus
1004 826 1036 878 et
1056 815 1137 879 locis
1158 815 1305 898 desertis,
1328 830 1362 883 et
1382 818 1470 882 misit
1492 840 1552 903 pro
1575 818 1621 881 eis
1645 819 1779 881 nuncios
1802 839 1875 881 suos
1896 816 2032 881 bestiam
2054 825 2086 880 et
2108 838 2201 881 auem

478 954 511 1004 28
530 934 667 1014 deserti,
689 931 822 996 ²scilicet
842 931 984 1017 leporem
1007 943 1039 995 et
1059 931 1229 996 bubonem.
1271 932 1315 998 Et
1334 955 1398 997 non
1418 943 1467 996 est
1488 932 1620 996 dubium
1631 982 1639 1013 ,
1662 935 1737 1019 quin
1761 933 1898 1019 quedam
1921 931 2080 996 miracula
2101 934 2201 996 conti·

529 1059 645 1133 gerunt
665 1050 698 1111 in
720 1047 861 1111 aduentu
884 1070 1004 1129 eorum,
1028 1046 1086 1112 sed
1107 1069 1172 1111 non
1194 1059 1268 1112 sunt
1289 1060 1465 1135 propterca
1484 1047 1623 1134 populus
1638 1048 1712 1129 Dei,
1736 1050 1814 1134 quia
1835 1047 2027 1112 miraculose
2045 1046 2203 1112 conclusit

479 1174 653 1233 tementes
681 1168 824 1248 caspios,
852 1175 887 1227 vt
918 1162 1035 1248 legitur
1065 1165 1099 1226 in
1127 1162 1262 1228 historia
1292 1163 1472 1229 scolastica.
1515 1163 1584 1227 Nec
1605 1162 1905 1228 Nabuchodonosor
1930 1164 1991 1226 fuit
2011 1162 2201 1250 simpliciter

529 1301 641 1343 seruus
662 1279 742 1358 Dei,
773 1280 849 1365 quia
872 1278 1084 1364 prophetall)
1113 1278 1258 1365 appellat
1279 1302 1353 1343 eum
1373 1302 1501 1342 seruum
1525 1279 1603 1360 Dei,
1632 1278 1756 1343 dicens:
1786 1282 1918 1358 „Serere
1944 1302 2023 1339 ineas
2046 1283 2201 1341 Nabucho-

528 1399 688 1468 ‹lmosw‘,
726 1394 783 1457 sed
812 1396 884 1457 Deo
914 1397 1048 1457 seruiuit
1076 1394 1273 1459 humiliando
1301 1407 1332 1459 et
1360 1395 1522 1481 puniendo
1552 1396 1752 1458 ceruicosum
1782 1407 1813 1458 et
1841 1393 2017 1480 superbum
2047 1395 2202 1482 populum

477 1531 510 1579 30
527 1510 708 1574 ludeorum.
752 1512 807 1574 810
838 1523 867 1573 01
891 1511 982 1573 Deus
1011 1513 1045 1573 in
1066 1510 1129 1574 line
1151 1511 1262 1573 mundi
1285 1510 1427 1573 creditur
1448 1533 1584 1574 vocasse
1607 1510 1760 1596 populum
1784 1509 1952 1574 bestialem
1974 1519 2006 1573 et
2027 1513 2096 1574 sinc
2118 1511 2201 1593 Deo,

528 1636 563 1689 vt
585 1636 694 1711 partes
717 1636 748 1688 et
770 1625 915 1689 homiues
940 1628 991 1703 [in]
1015 1625 1198 1706 orientales,
1220 1628 1274 1711 qui
1296 1627 1373 1689 sacti
1397 1636 1489 1688 eraut
1511 1625 1661 1689 bestiales
1683 1635 1715 1689 et
1731 1626 1836 1710 legem
1853 1624 2051 1708 dimiserant,
2073 1629 2203 1711 puniret

478 1755 506 1804 31
529 1752 560 1804 et
588 1741 750 1804 desertam
779 1752 899 1804 terrain
929 1744 1058 1805 faceret
1099 1742 1143 1805 Et
1171 1754 1219 1805 est
1246 1744 1402 1805 memoria
1424 1753 1455 1805 et
1477 1741 1676 1826 gratitudine
1699 1742 1832 1827 dignum
1855 1743 1942 1806 omni
1964 1742 2086 1828 populo
2109 1741 2202 1809 Chri·

530 1860 651 1937 stiano,
680 1856 766 1941 quod
786 1855 898 1920 eodem
920 1867 1082 1943 ternpore,
1112 1880 1175 1944 quo
1204 1859 1291 1920 misit
1312 1858 1404 1921 Deus
1427 1857 1584 1920 Tartareo
1607 1858 1648 1921 ad
1671 1869 1781 1943 partes
1804 1849 1991 1939 orientales,
2018 1869 2055 1921 vt
2076 1857 2202 1922 occide·

531 1985 602 2036 rent
623 1984 655 2036 et
676 1972 909 2053 occiderentur,
932 1975 1017 2036 misit
1040 1974 1130 2037 lleus
1153 1973 1195 2037 ad
1218 1971 1435 2037 occidentales
1459 1994 1569 2037 seruos
1592 1997 1666 2037 suos
1689 1973 1903 2055 fidelissimos,
1926 1972 2037 2037 beatos
2053 1973 2201 2038 Domini·

479 2101 512 2150 32
531 2111 602 2152 cum
625 2104 655 2151 et
675 2089 903 2165 Franciscuru,
932 2100 967 2151 vt
989 2089 1220 2169 illuminarent,
1243 2091 1439 2152 instruerent
1461 2101 1492 2151 et
1515 2088 1710 2153 edificarent.
1752 2089 1796 2152 Et
1824 2091 1906 2153 sicut
1935 2087 1983 2152 illi
2012 2090 2203 2174 profuerunt

480 2211 512 2262 3³
531 2203 721 2284 edificando,
742 2211 788 2267 ita
809 2203 855 2267 illi
878 2204 1082 2267 inualueruut
1103 2204 1307 2268 destruendo.
1353 2205 1435 2267 Num
1458 2214 1583 2267 tautam
1604 2204 1724 2285 cedem,
1747 2203 1997 2268 destructionem
2020 2215 2052 2268 et
2074 2208 2200 2269 ruinam

479 2323 673 2389 olfecerunt
695 2320 896 2405 inpartibus
917 2322 1069 2400 orientis,
1097 2320 1183 2405 quod
1214 2319 1320 2383 nullus
1343 2320 1504 2384 sufficeret
1526 2320 1672 2400 credere,
1702 2322 1757 2405 qui
1776 2342 1840 2383 non
1864 2320 2008 2384 vidisset.
2051 2320 2095 2384 Et
2116 2320 2201 2402 ideo,

531 2435 700 2499 dicendum
714 2439 753 2512 ⁸¹)
776 2446 825 2499 est
846 2436 968 2519 aliquid
992 2436 1052 2499 sub
1076 2436 1234 2500 breuitate
1256 2436 1296 2499 de
1317 2438 1380 2514 eis,
1414 2459 1475 2521 que
1504 2438 1647 2499 lecerunt
1669 2448 1700 2499 ct
1721 2458 1782 2521 que
1804 2438 1851 2499 eis
1874 2438 2076 2521 contigerunt
2098 2435 2200 2500 admi·

529 2553 660 2615 racione
682 2551 791 2636 digna.

480 2715 512 2764 35
656 2702 764 2764 Primo
792 2703 876 2764 enirn
905 2701 1123 2764 admiracione
1153 2701 1285 2785 dignum
1314 2700 1461 2780 videtur,
1490 2705 1560 2787 quis
1592 2705 1652 2765 iste
1674 2701 1813 2788 populus
1836 2702 1882 2763 ita
1903 2701 2047 2765 infinitus
2067 2724 2201 2766 numero

529 2828 560 2881 et
590 2816 809 2897 multitudiue,
839 2816 879 2880 de
902 2840 964 2904 quo
992 2815 1090 2880 nichil
1113 2827 1224 2902 aperte
1244 2818 1278 2880 in
1299 2816 1391 2881 libris
1419 2817 1539 2881 diuinis
1563 2819 1613 2881 vel
1635 2818 1775 2903 antiquis
1798 2815 1942 2879 historiis
1964 2818 2141 2899 inuenitur,
2170 2828 2203 2881 et

479 2952 513 3002 ao
530 2932 690 3019 quomodo
721 2936 824 3018 potuit
851 2955 921 2997 esse
950 2932 1092 2996 occultus
1121 2942 1228 2996 tantus
1257 2932 1405 3019 populus.
1449 2934 1493 2997 Et
1520 2936 1692 3019 opinantur
1725 2932 1848 3019 plures,
1880 2932 1966 3018 quod
1988 2935 2052 3019 ipsi
2073 2934 2203 2996 fuerunt

479 3049 641 3117 3701000111
665 3048 767 3112 tribus
790 3048 930 3131 Israhel,
958 3072 1019 3135 quc
1043 3052 1205 3135 captiuate
1226 3050 1363 3112 fueraut.
1406 3049 1490 3114 Nam
1511 3050 1833 3136 Teglatfalossarr²u
1864 3072 1923 3112 rex
1944 3048 2066 3128 Assur,
2096 3050 2202 3134 primo

531 3166 708 3251 captiuauit
734 3179 855 3250 septem
887 3164 1005 3247 tribus,
1035 3177 1066 3228 ct
1096 3168 1204 3251 posuit
1232 3189 1285 3230 cos
1315 3167 1409 3230 iuxta
1437 3166 1553 3229 flumen
1578 3165 1743 3243 (tonante
1767 3164 1851 3227 vltra
1874 3178 1998 3229 ruentes
2020 3164 2201 3246 Medorum,

480 3303 513 3352 38
531 3305 611 3368 quos
641 3281 730 3345 uudti
761 3281 871 3344 dicunt
900 3304 970 3345 esse
991 3293 1114 3344 montes
1137 3285 1276 3368 caspios.
1321 3283 1377 3345 llii
1400 3306 1525 3368 quoque
1554 3295 1619 3345 toto
1642 3296 1804 3367 tempore,
1838 3304 1899 3367 quo
1923 3281 2052 3344 durauit
2075 3301 2202 3343 monar-

531 3398 604 3462 chia
628 3397 821 3464 Caldeorum
851 3410 882 3460 et
902 3399 1100 3461 rlssirierum
1128 3411 1159 3461 et
1188 3398 1358 3461 Medorum
1388 3414 1418 3461 et
1447 3399 1641 3478 Persarum,
1669 3420 1732 3461 uon
1760 3407 1932 3483 potueruut
1961 3398 2066 3477 exire,
2094 3395 2203 3482 prohi-

478 3531 511 3583 30
531 3515 679 3590 bontett)
702 3513 807 3577 edict-e
831 3514 969 3599 publico.
1014 3514 1094 3578 Curu
1119 3539 1195 3580 vero
1219 3515 1377 3579 translata
1399 3528 1446 3579 cst
1469 3516 1655 3580 monarchia
1679 3514 1720 3578 ad
1744 3513 1867 3578 Grecos
1889 3537 1947 3599 per
1968 3513 2203 3595 Alexandrum,

480 3653 512 3702 40
531 3633 601 3716 ipse
621 3629 810 3692 Alexander
832 3631 1025 3694 miraculose
1048 3631 1204 3698 conclusit
1227 3642 1367 3699 ruentes.
1401 3643 1434 3694 vt
1463 3632 1665 3696 nullomodo
1689 3632 1939 3716 posscntexirc.
1983 3630 2203 3694 visitantem

529 3745 737 3832 losopliustu
759 3760 790 3808 et
812 3745 996 3809 hlethedius
1010 3750 1066 3828 ⁸⁶),
1090 3747 1176 3833 quod
1199 3748 1334 3810 exibunt
1354 3751 1440 3810 circa
1464 3749 1557 3811 liricru
1581 3747 1689 3810 numdi
1713 3762 1743 3809 ct
1764 3769 1914 3831 maguam
1939 3756 2080 3831 stragem
2102 3747 2203 3810 homi·

480 3885 605 3936 41uuru
629 3862 757 3925 lacieut.
801 3862 844 3925 Et
866 3862 939 3926 ideo
965 3862 1053 3926 inulti
1084 3864 1219 3926 creduut
1240 3887 1311 3925 esse
1334 3862 1494 3948 predones
1516 3865 1605 3948 ipsos
1627 3863 1798 3943 Tartarus,
1831 3864 1885 3948 qui
1916 3861 2021 3927 subito
2043 3884 2203 3948 apparue

530 3994 606 4044 ruut
635 3991 665 4043 ct
692 3979 861 4041 exiueruut
890 3978 930 4041 de
958 3978 1119 4043 montibus
1149 3981 1236 4043 circa
1262 3979 1357 4041 fiucru
1388 3978 1514 4059 mundi,
1543 3996 1572 4041 ct
1595 3980 1627 4041 iu
1651 3978 1796 4064 partibus
1819 3978 2028 4042 orientalibus
2050 3989 2204 4064 ceperunt

480 4079 513 4129 ⁴2

480 4148 512 4197 43

480 4227 513 4276 41
532 4224 562 4274 et
589 4234 705 4274 nomeu
720 4214 759 4286 l⁸)
790 4213 858 4274 cius
887 4233 949 4274 uon
973 4223 1108 4296 possunt
1131 4212 1265 4296 pacifice
1295 4209 1417 4274 audire.
1462 4209 1609 4275 Secruulo
1632 4211 1707 4295 quia
1727 4208 1820 4272 litera
1842 4233 1951 4273 eorum
1972 4208 2067 4272 valde
2090 4208 2204 4272 similis

531 4095 684 4159 mundum
711 4094 885 4159 destruere.
929 4095 981 4158 Ad
1003 4095 1115 4172 hocll)
1139 4095 1203 4158 duo
1229 4105 1420 4178 argumenta
1442 4096 1572 4158 iaciunt.
1607 4095 1688 4157 Nam
1701 4093 1925 4157 Alexandrum
1948 4116 2069 4157 summe
2092 4093 2205 4157 odiunt

533 4337 580 4389 est
603 4325 792 4406 00111001),
822 4327 907 4390 unde
929 4329 1034 4413 primo
1058 4330 1227 4390 cxiuermrt
1248 4326 1356 4408 luclei,
1379 4338 1411 4390 et
1434 4339 1482 4390 cst
1504 4326 1616 4390 caldca
1640 4325 1749 4409 lingua
1771 4337 1802 4387 ct
1822 4324 1916 4388 litera
1938 4323 2034 4387 valde
2056 4326 2205 4387 consimi-

480 4454 512 4502 45
532 4441 571 4505 lis
594 4453 625 4504 et
646 4443 751 4505 alliuis
775 4443 871 4506 ludee
885 4447 934 4518 l⁰).
972 4445 1096 4508 Contra
1118 4444 1178 4507 hoc
1200 4443 1279 4505 t'acit
1300 4442 1443 4506 validum
1467 4453 1702 4527 argumentum,
1726 4442 1801 4527 quia
1824 4440 1949 4525 delego
1967 4439 2018 4503 vel
2035 4438 2075 4504 dc
2090 4440 2207 4526 Moyse

533 4558 582 4621 vel
614 4557 653 4620 cle
684 4559 772 4621 exitu
796 4559 836 4621 de
860 4560 980 4644 Egipto
1003 4558 1054 4622 vel
1077 4558 1116 4622 dc
1137 4557 1318 4622 sacerdotio
1330 4561 1370 4630 ⁹¹)
1393 4558 1513 4622 nullam
1537 4559 1687 4621 noticiam
1710 4555 1860 4620 videntur
1882 4554 2017 4637 haberc;
2050 4565 2081 4620 ct
2102 4559 2207 4620 eciam

533 4676 609 4760 quia
638 4686 669 4736 et
697 4675 836 4757 effigiem
864 4674 1036 4738 distantem
1066 4685 1098 4738 ct
1128 4673 1290 4737 diuersam
1317 4674 1467 4736 videntur
1494 4672 1613 4736 habere
1642 4684 1673 4736 ct
1697 4694 1802 4736 uuires
1825 4694 1844 4733 a
1865 4671 1973 4735 Iudeis
1996 4684 2028 4735 et
2049 4694 2069 4735 a
2091 4672 2208 4736 ceteris

482 4784 514 4899 ἓξ
533 4789 723 4855 nacionibus
747 4789 866 4852 ruuudi.
913 4792 978 4875 lpsi
1001 4812 1078 4854 vcro
1102 4790 1212 4853 dieunt
1234 4813 1268 4853 se
1290 4788 1496 4853 descendisse
1518 4787 1558 4852 de
1579 4787 1653 4873 Gog
1675 4798 1706 4851 et
1722 4787 1850 4873 hlagog.
1895 4787 1989 4850 Vnde
2010 4789 2075 4874 ipsi
2098 4788 2206 4851 dieun-

481 4930 514 4982 48
533 4915 583 4968 tur
607 4904 728 4989 Mogoli
741 4908 791 4987 ⁹²),
814 4907 907 4991 (prasi
930 4914 1082 4991 corrupto
1105 4904 1261 4970 vocabulo
1284 4904 1459 4990 Magogoli.
1503 4904 1686 4969 Methodius
1708 4917 1815 4968 autem
1836 4903 1936 4984 dicit,
1957 4903 2043 4989 quod
2065 4903 2206 4968 Alexan-

596 5112 647 5179 80)
670 5107 772 5168 lerem.
795 5112 842 5179 25,
859 5114 885 5168 e.
910 5112 958 5176 27,
981 5114 1007 5167 6.
1392 5128 1420 5185 p.
1452 5112 1508 5167 729
1540 5109 1569 5164 in
1597 5106 1727 5164 Maxima
1755 5105 1933 5166 bibliotheca
1963 5105 2084 5164 Patrem
2111 5104 2207 5183 Lugd.

596 5211 647 5279 81)
669 5207 857 5265 discederes
878 5207 1044 5265 coniectura
1065 5206 1273 5285 supplevimus.
1396 5210 1470 5265 1677
1496 5206 1532 5264 Τ.
1555 5206 1611 5264 111.

595 5307 647 5377 82)
670 5304 792 5381 ’1131011
811 5305 930 5364 l'ilcser.
1455 5309 1506 5373 87)
1529 5302 1603 5364 cod.
1625 5302 1663 5368 G.
1684 5306 1789 5366 adhuc.

595 5407 646 5475 83)
669 5401 784 5474 Gozan,
803 5404 881 5463 hebr.
905 5410 948 5481 pir
971 5403 1039 5477 (IV)
1061 5402 1167 5481 2Reg.
1187 5410 1231 5475 17,
1252 5409 1279 5464 6.
1306 5406 1350 5475 18,
1455 5407 1506 5477 88)
1529 5401 1602 5461 Cod.
1624 5401 1659 5461 G.
1683 5415 1708 5460 et
1731 5423 1789 5461 nou
1811 5424 1839 5461 n.
1865 5423 1889 5463 e.
1911 5423 1970 5460 noa
1989 5424 2020 5478 p.

537 5508 581 5563 ll.
607 5508 652 5575 19,
680 5505 723 5561 lt.
746 5502 802 5563 les.
825 5508 872 5574 37,
898 5507 942 5564 12.
1457 5506 1507 5573 89)
1532 5501 1648 5577 Caldee]
1671 5501 1828 5562 caldaicae.

596 5606 648 5675 81)
670 5598 745 5661 Ood.
767 5600 803 5662 G.
819 5603 1022 5678 prohibentes,
1044 5601 1123 5681 quod
1146 5602 1329 5660 correximus.
1455 5607 1505 5661 90)
1529 5601 1612 5658 indeo
1632 5600 1668 5661 (1.
1711 5599 1848 5660 Ceterum
1875 5604 1966 5659 Iader
1992 5601 2138 5677 signifieat
2167 5601 2209 5658 in·

596 5702 647 5773 85)
670 5702 821 5777 Iosephus]
855 5702 955 5780 Antiq.
982 5701 1038 5762 XI.
1067 5708 1093 5762 5.
1125 5706 1158 5774 2,
1191 5701 1246 5758 uisi
1276 5700 1351 5758 alius
1394 5698 1506 5759 da'r'cae.

533 5799 683 5877 scriptoris
705 5799 786 5858 locus
809 5799 920 5860 dicitur.
1455 5802 1507 5870 st)
1529 5799 1693 5855 sacerdotis
1715 5797 1750 5857 G.

598 5902 648 5971 86)
683 5899 858 5974 Methodius]
897 5897 932 5958 V.
968 5899 1110 5960 Methodii
1144 5899 1351 5959 Revelationes
1456 5902 1507 5971 92)
1529 5897 1636 5973 megoli
1656 5895 1690 5955 (1.
