5334 6975
1297 716 1353 778 123

484 900 550 958 tate
569 892 753 975 Persarum,
775 894 957 957 inuenimus
980 893 1132 969 interm)
1155 893 1220 958 alia
1241 901 1384 957 monstra
1408 892 1587 958 siluestrcm
1613 898 1738 959 asinum
1761 896 1871 979 lndie,
1904 899 1960 984 qui
1982 896 2023 962 ab
2046 897 2159 986 aliqui-

483 1009 544 1075 bus
566 1018 734 1095 reputatur
756 1031 886 1095 onager,
910 1017 942 1073 et
964 1008 1170 1073 distinctione
1193 1018 1224 1073 et
1245 1009 1404 1073 varietate
1419 1009 1561 1074 colorum
1581 1021 1611 1075 et
1627 1014 1842 1098 proporeione
1859 1012 2090 1078 tactabriaturc
2103 1014 2159 1090 132)

485 1124 614 1190 excedit
635 1127 669 1189 in
691 1123 930 1210 pulchritudine
953 1147 1061 1188 omnes
1083 1123 1164 1189 alias
1186 1124 1308 1188 bestias
1331 1135 1363 1189 et
1384 1125 1538 1191 animalia
1560 1126 1681 1192 mnndi.

607 1239 658 1304 Ibi
679 1240 824 1304 stetimus
847 1261 905 1325 per
922 1239 1064 1304 medium
1085 1263 1213 1320 annum,
1237 1250 1267 1304 ct
1289 1240 1529 1325 predicauimus
1552 1244 1598 1306 eis
1621 1265 1679 1329 per
1694 1243 1969 1308 Thurcimannum
1991 1245 2025 1307 in
2047 1244 2157 1330 lingua
2176 1262 2208 1312 20

484 1357 625 1422 arabica.

791 1519 863 1584 XV.
905 1520 969 1584 DE
991 1520 1150 1586 CURTIS
1165 1521 1220 1599 133)
1242 1522 1288 1585 IN
1309 1522 1463 1589 REGNO
1487 1523 1840 1604 TARQUESTENSI.

607 1667 687 1733 Inde
709 1668 953 1754 progredientes
976 1692 1090 1733 versus
1114 1670 1281 1734 meridiem
1306 1673 1452 1735 vonimus
1477 1672 1518 1736 ad
1542 1685 1779 1737 monstruosam
1802 1685 1833 1737 et
1847 1674 2010 1737 rabiosam
2026 1685 2153 1756 gentem
2179 1696 2190 1745 1

487 1788 660 1862 Cur-torum,
682 1786 737 1870 qui
759 1784 919 1849 excedunt
940 1786 974 1848 in
995 1786 1124 1849 malicia
1147 1795 1178 1849 et
1199 1787 1326 1850 feritate
1349 1810 1458 1851 omnes
1480 1788 1639 1852 barbaras
1662 1790 1831 1868 naciones,
1856 1811 1937 1874 quas
1961 1790 2153 1851 inuenimus.

483 1902 643 1967 Habitant
672 1901 757 1963 enim
783 1902 816 1963 in
844 1899 1007 1964 montibus
1029 1911 1059 1963 ct
1082 1905 1246 1988 preruptis
1267 1903 1363 1984 locis,
1396 1905 1478 1967 sicut
1507 1925 1606 1990 capre
1626 1903 1799 1967 siluestres.
1843 1903 1937 1968 Vnde
1959 1913 1992 1967 et
2012 1897 2190 2013 Tartari,²3

484 2020 541 2105 qui
568 2015 823 2100 subiugauerunt
850 2015 913 2079 sibi
942 2038 1052 2080 omnes
1085 2016 1165 2081 alias
1193 2021 1347 2083 naciones
1374 2018 1562 2100 orientales,
1591 2020 1662 2085 illos
1692 2029 1798 2083 autem
1812 2021 1868 2094 131)
1895 2042 1960 2082 non
1986 2026 2158 2104 potuerrmt

483 2140 529 2201 eis
544 2136 600 2210 135)
633 2131 787 2195 subicere.
831 2132 993 2195 Dicuntur
1024 2143 1130 2196 autem
1154 2136 1239 2194 Carti
1269 2157 1333 2198 non
1361 2135 1447 2219 quod
1477 2144 1551 2198 sunt
1572 2134 1681 2198 breuis
1712 2147 1849 2198 stature:
1885 2146 1959 2198 sunt
1980 2134 2192 2208 autem¹³⁶)‹t

483 2251 580 2315 valde
601 2249 710 2334 magni
733 2250 766 2310 in
787 2269 933 2333 corpore,
955 2246 1013 2310 sed
1037 2252 1114 2308 curti
1135 2251 1167 2312 in
1189 2248 1301 2334 lingua
1322 2254 1451 2336 persica
1474 2262 1566 2315 sonat
1586 2258 1649 2330 lupi
1664 2253 1729 2326 ¹³³).
1772 2250 1929 2314 Incedunt
1943 2261 2049 2313 autem
2064 2250 2190 2331 quasia

483 2368 563 2433 nudi
593 2379 624 2431 et
646 2363 900 2443 discrinatiffla),
933 2386 1005 2426 eum
1026 2364 1131 2449 longis
1153 2365 1279 2451 capillis
1303 2379 1334 2429 et
1356 2365 1453 2451 longa
1476 2366 1593 2446 barba,
1625 2378 1658 2430 et
1687 2369 1720 2430 in
1743 2369 1849 2453 capite
1870 2368 1976 2430 l'errmt
1998 2364 2157 2451 tprinsdam

484 2486 601 2548 cristas
631 2480 749 2545 rubeas
782 2480 815 2541 in
838 2480 966 2563 signum
989 2480 1141 2565 superbie
1167 2491 1199 2544 et
1220 2480 1364 2545 dominii.
1406 2482 1450 2545 Et
1475 2484 1538 2545 nisi
1561 2482 1679 2548 Curtus
1701 2485 1800 2547 faeiat
1826 2481 1948 2568 ahquid
1972 2480 2091 2544 malum
2116 2479 2190 2544 deo

484 2599 594 2686 aliqua
614 2618 735 2679 magna
755 2595 942 2681 prodicione
962 2595 1013 2658 vel
1035 2595 1281 2681 depredacione,
1305 2598 1357 2662 vel
1381 2597 1421 2661 de
1443 2621 1563 2682 inagna
1585 2601 1762 2678 occisione,
1790 2621 1854 2662 non
1876 2598 1973 2662 habet
1995 2599 2079 2659 inter
2102 2617 2156 2659 eos

481 2716 646 2794 honorem,
666 2734 726 2776 nec
749 2710 846 2775 audet
864 2722 997 2796 portare
1019 2711 1142 2798 aliquid
1162 2714 1196 2776 in
1218 2736 1365 2799 corpore,
1388 2736 1446 2777 nee
1468 2715 1591 2778 inuenit
1612 2736 1763 2794 vxorem3
1787 2727 1958 2801 postquam
1983 2724 2088 2776 autem
2113 2713 2156 2775 le-

483 2833 563 2897 cerit
590 2827 722 2915 aliquod
748 2825 890 2890 notabile
919 2827 1053 2907 malum,
1083 2827 1162 2892 dant
1192 2831 1221 2892 ei
1250 2853 1385 2894 vxorem
1415 2853 1568 2915 magnam
1594 2840 1626 2894 et
1645 2839 1809 2915 potentem
1832 2829 2006 2893 secundum
2027 2828 2156 2904 malum,

483 2946 569 3034 quod
590 2946 686 3009 fecit:
709 2945 735 3007 si
759 2965 905 3028 paruum,
928 2966 1082 3028 paruam3
1105 2946 1131 3006 si
1155 2967 1318 3029 magnum,
1342 2969 1502 3031 magnam.

607 3079 665 3142 Isti
687 3089 760 3140 sunt
781 3076 952 3141 Sarraceni
964 3127 972 3158 ,
1004 3087 1036 3139 et
1057 3078 1216 3161 recipiunt
1238 3076 1440 3158 alcoranum,
1463 3088 1494 3141 et
1514 3077 1648 3141 multum
1670 3076 1783 3141 odiunt
1806 3077 2024 3152 Christianos,
2053 3080 2190 3164 magis7

485 3205 593 3259 autem
616 3194 771 3274 Francos,
795 3194 936 3256 maxime
958 3214 1036 3256 vcro
1058 3191 1237 3278 religiosos,
1260 3196 1292 3257 in
1317 3215 1450 3279 quorum
1475 3195 1634 3257 occisione
1656 3195 1795 3256 maxime
1818 3195 2045 3257 incrassantur.
2089 3195 2190 3262 llo-s

486 3334 557 3375 rum
578 3309 703 3374 rabiem
726 3311 885 3372 conuertit
908 3308 998 3371 Deus
1021 3308 1115 3371 uobis
1136 3311 1169 3370 in
1190 3308 1485 3390 mansuetudinem,
1515 3319 1546 3372 et
1566 3306 1796 3372 humanitatem
1821 3311 2032 3395 prestiterunt
2056 3311 2149 3375 nobis

483 3437 653 3515 querentes
677 3426 780 3491 socios
802 3434 929 3489 nostros
951 3445 1009 3510 per
1032 3422 1193 3487 desertum
1217 3435 1370 3490 errantes.
1413 3425 1457 3489 Et
1479 3434 1692 3489 extraxerunt
1712 3446 1767 3489 eos
1791 3424 1830 3489 de
1852 3424 1997 3506 niuibus,
2022 3435 2054 3490 et
2074 3429 2191 3503 lece-9

482 3553 558 3608 runt
579 3544 625 3606 eis
649 3564 782 3627 magnos
805 3543 913 3627 ignes,
944 3550 976 3604 et
998 3550 1267 3626 presentauerunt
1288 3542 1383 3607 nobis
1403 3541 1466 3606 mel
1490 3541 1636 3605 siluestre
1660 3553 1692 3605 ct
1714 3564 1832 3605 manna
1855 3541 1929 3619 celi,
1951 3542 2102 3625 quodibi
2123 3547 2157 3608 in

483 3660 611 3724 deserto
634 3680 744 3721 eorum
768 3659 897 3744 copiose
920 3656 1096 3723 descendit.

604 3791 663 3854 Isti
691 3792 794 3875 primo
821 3791 950 3853 fuerunt
979 3789 1108 3870 Caldci,
1135 3802 1166 3853 et
1196 3790 1337 3854 secundo
1362 3790 1554 3872 Christiani,
1591 3800 1622 3855 et
1649 3791 1749 3854 tercio
1777 3789 1853 3852 facti
1885 3803 1959 3852 sunt
1983 3789 2157 3856 Sarraccni
2177 3814 2207 3863 ιο

482 3915 616 3995 propter
636 3905 763 3989 largam
784 3905 896 3989 legem.
939 3905 976 3969 In
999 3909 1045 3969 cis
1067 3911 1209 3970 inaximo
1230 3909 1341 3992 vigent
1362 3908 1426 3969 tria
1446 3917 1597 3992 peccata,
1630 3906 1752 3970 scilicet
1775 3904 2000 3985 homicidium,
2028 3906 2155 3971 latroci·
2176 3930 2202 3979 11

482 4023 571 4087 dium
603 4033 633 4086 et
665 4021 819 4107 prodicio.
869 4022 953 4084 Nam
986 4022 1073 4086 nullo
1109 4023 1203 4088 modo
1232 4032 1338 4109 potest
1367 4022 1460 4086 homo
1484 4022 1644 4086 confidere
1675 4021 1714 4084 de
1744 4022 1923 4084 iuramento
1957 4033 1988 4083 et
2018 4025 2155 4107 promis·
2176 4040 2206 4091 11

484 4141 574 4203 sione
602 4160 722 4202 eorum.
771 4136 902 4200 Habent
930 4140 1030 4201 eciam
1068 4138 1206 4223 predicti
1235 4139 1327 4205 Curti
1360 4137 1478 4201 multas
1506 4136 1587 4200 alias
1618 4135 1850 4217 bestialitates,
1891 4158 1972 4222 quas
2002 4161 2157 4204 enarrare
2178 4159 2206 4208 1³

486 4255 617 4339 longum
652 4264 743 4317 esset.
793 4252 877 4317 Nam
904 4253 1032 4339 quando
1062 4253 1179 4339 aliquis
1211 4277 1319 4317 eorum
1354 4254 1527 4317 suffiieatur
1558 4251 1761 4332 influmine,
1798 4253 1936 4337 puniunt
1962 4253 2069 4337 ipsum
2098 4254 2155 4319 flu·
2177 4273 2207 4321 14

483 4393 572 4452 men,
601 4371 762 4433 mittentes
791 4392 907 4454 aquam
939 4371 972 4432 in
1004 4369 1130 4433 vtribus
1160 4381 1191 4433 et
1220 4371 1440 4455 percucientes
1469 4368 1595 4431 fortiter
1628 4391 1726 4454 super
1747 4378 1835 4430 vtres
1858 4377 1889 4429 ct
1911 4369 2016 4452 ipsum
2037 4370 2156 4435 flumen

481 4485 663 4551 diuidentes
696 4488 728 4549 in
761 4485 879 4549 multas
912 4485 1086 4549 diuisiones
1121 4496 1152 4548 et
1174 4484 1369 4549 diuertentes
1393 4506 1463 4547 eum
1487 4494 1517 4546 et
1538 4482 1769 4569 prolongantes
1792 4485 1820 4546 ei
1843 4485 1948 4564 viam,
1980 4496 2014 4548 vt
2035 4486 2156 4552 faciant

481 4624 553 4666 emn
575 4600 725 4665 laborare
746 4605 778 4665 in
801 4610 907 4666 aresto
925 4603 987 4678 ¹³⁰).

777 4799 868 4862 XVI.
912 4799 1138 4879 SEQUITUR
1159 4798 1223 4863 DE
1244 4799 1399 4863 NINIUE
1411 4849 1419 4881 ,
1443 4797 1657 4864 ClUlTATE
1680 4796 1863 4862 GRANDI.

603 4947 733 5013 Deinde
763 4972 840 5013 vero
869 4949 967 5035 longa
993 4951 1105 5036 spacia
1136 4959 1296 5013 terrarum
1325 4957 1546 5030 transcuntes,
1578 4949 1724 5011 venimus
1753 4945 1795 5009 ad
1817 4953 1965 5026 Niciam,
1993 4951 2186 5019 ciuitateml

479 5066 644 5154 grandem.
689 5064 761 5145 Qus
789 5066 924 5149 grandis
951 5066 1010 5129 fuit
1031 5064 1248 5150 longitudine,
1281 5088 1347 5128 non
1368 5063 1556 5145 latitudine3
1586 5087 1659 5127 nam
1691 5065 1752 5126 sita
1775 5063 1834 5124 fuit
1855 5065 1888 5124 in
1911 5061 2042 5148 longum
2064 5067 2187 5136 iuxtat

478 5183 613 5247 fluuium
635 5181 783 5268 paradisi
806 5181 976 5267 'l'igridim

542 5386 612 5456 131)
635 5384 714 5441 intra
738 5382 773 5445 G.
1405 5386 1472 5455 136)
1495 5384 1597 5459 natent]
1622 5385 1697 5440 enim
1717 5379 1820 5438 molius
1843 5378 2000 5440 dicendum
2022 5397 2091 5445 erat.

544 5484 613 5554 132)
644 5483 867 5558 tactubriatare]
904 5482 971 5540 Hoc
1005 5481 1182 5541 vocabulum
1217 5483 1296 5562 apud
1401 5512 1456 5566 137

477 5581 666 5658 Ducangium
688 5601 747 5638 non
767 5583 921 5640 invenitur.

543 5684 612 5753 133)
635 5681 669 5739 L.
693 5701 746 5739 ms.
778 5680 867 5739 habet
891 5682 1012 5751 Tuscis,
1040 5691 1069 5739 et
1094 5682 1123 5739 in
1151 5681 1295 5759 sequenti·

477 5778 533 5839 bus
557 5783 735 5849 Tarcorum,
760 5781 861 5839 Turni.

542 5884 610 5939 131)
633 5879 738 5954 nutem]
762 5899 1012 5958 supervacaneum
1034 5888 1084 5938 est.
1404 5884 1472 5952 139)
1494 5880 1584 5938 Haud
1615 5884 1674 5940 scio
1704 5904 1741 5941 an
1766 5895 1843 5943 recte
1867 5885 1925 5961 legi
1946 5884 2077 5947 deforme
2099 5888 2155 5948 hoc

542 5983 609 6052 135)
632 5978 681 6053 eis]
705 5978 769 6037 sibi.
1226 6056 1235 6069 ,
1338 5979 1520 6038 vocabulum.

1461 5509 1471 5579 )
1493 5508 1565 5582 lupi]
1589 5511 1691 5584 Lupus
1705 5513 1817 5589 persico
1837 5512 1941 5573 dicitur
1954 5500 2035 5627 οἱ,
2055 5517 2139 5591 quel.

1404 5652 1472 5722 138)
1493 5650 1659 5726 disc-riuum]
1679 5651 1862 5712 Vocabulum
1876 5655 2047 5727 inauditum,
2068 5657 2155 5733 signi·

1337 5748 1407 5805 ticat
1427 5749 1550 5806 fortasse
1574 5751 1704 5806 crinibus
1722 5753 1834 5826 passis.

1889 6098 1934 6149 m·
1962 6116 1965 6123 ·
