5334 6975
1295 719 1333 779 27

602 896 687 959 Ante
708 908 836 981 portam
856 896 1044 961 orientalem
1063 900 1204 963 ciuitatis
1225 900 1376 985 antique,
1405 921 1465 985 que
1486 920 1570 960 nunc
1593 909 1641 960 est
1664 896 1810 978 deserta,
1840 910 1888 963 est
1911 898 2036 985 capella
2060 898 2148 963 edifi-
2169 901 2197 951 ¹1

477 1021 551 1076 eata
575 1014 608 1075 in
629 1010 719 1091 loce,
747 1010 803 1075 ubi
826 1010 867 1073 ad
888 1012 1065 1076 Dominum
1089 1015 1176 1078 uenit
1197 1035 1317 1097 rogans
1339 1012 1486 1099 profilia
1509 1012 1677 1077 demoniea
1704 1013 1818 1078 mulier
1841 1015 2008 1080 chananea
2028 1016 2061 1077 in
2083 1016 2148 1095 uia,

477 1150 540 1215 que
562 1150 674 1191 versus
694 1127 850 1193 Ytuream
872 1138 902 1191 et
925 1127 1099 1193 Cesaream
1120 1128 1264 1215 Philippi
1287 1129 1384 1194 ducit.

603 1243 697 1307 Mons
719 1245 957 1320 Antilibannsrt)
986 1243 1087 1308 distat
1113 1269 1134 1310 a
1154 1244 1275 1310 Sidone
1306 1244 1349 1310 ad
1379 1268 1477 1309 unam
1505 1244 1630 1309 leucam
1653 1257 1764 1309 contra
1786 1249 1941 1311 orientem
1950 1263 1986 1324 ²).
2030 1249 2148 1336 Incipit
2169 1254 2199 1304 ¹²

478 1372 586 1424 autem
612 1382 703 1424 mons
735 1361 796 1422 iste
826 1381 922 1444 super
943 1358 1076 1425 fluuium
1096 1360 1323 1440 Eleutherum,
1352 1360 1392 1425 de
1415 1384 1477 1446 quo
1501 1361 1620 1425 dictum
1645 1372 1692 1424 est
1715 1366 1860 1443 ante'll),
1889 1375 1919 1426 et
1944 1364 2147 1449 protenditur

479 1473 565 1538 ultra
586 1474 745 1561 Tripolim
773 1474 815 1537 ad
847 1478 986 1561 quinque
1006 1475 1114 1540 leucas
1135 1477 1202 1540 fere
1225 1500 1283 1562 per
1306 1479 1447 1564 quinque
1470 1476 1590 1557 dietas,
1621 1491 1649 1540 et
1672 1500 1834 1563 nunquam
1856 1478 1981 1542 recedit
2003 1479 2042 1543 de
2064 1482 2148 1545 mari

478 1614 538 1676 per
561 1589 640 1655 duas
662 1589 788 1672 leucas,
817 1592 878 1654 nisi
899 1593 990 1655 iuxta
1011 1592 1187 1679 Tripolim,
1221 1593 1276 1657 ubi
1305 1595 1372 1657 t'ere
1400 1593 1499 1656 distat
1521 1617 1578 1678 per
1599 1605 1665 1657 tres
1690 1592 1807 1657 leucas.
1851 1594 2019 1659 Interdum
2039 1607 2148 1660 tamen

478 1708 525 1770 ita
545 1705 671 1770 accedit
693 1704 735 1769 ad
755 1727 853 1787 mare,
875 1708 961 1792 quod
984 1707 1074 1772 locus
1096 1720 1144 1772 est
1166 1708 1359 1772 innneabilis
1382 1711 1521 1773 omnino.
1557 1709 1736 1773 Halmndat
1757 1722 1863 1773 autem
1885 1712 1989 1775 uineis
2005 1714 2146 1796 optimis,

478 1821 654 1886 secundum
684 1820 763 1885 illud
776 1823 832 1898 ῖυ);
860 1828 1052 1900 „Memorialc
1081 1828 1142 1886 eins
1164 1837 1196 1887 ut
1218 1829 1318 1885 uinum
1342 1828 1475 1887 triennit
1517 1826 1563 1889 Et
1584 1827 1788 1889 continuatur
1812 1824 1939 1889 bonitas
1962 1825 2055 1891 huius
2077 1829 2145 1892 uini

479 1959 579 2023 usque
600 1935 642 2001 ud
663 1937 869 2022 Margathum
889 1953 1038 2004 castrum.

603 2052 697 2117 Ultra
719 2052 871 2118 Sidonem
904 2054 945 2117 ad
974 2059 1121 2130 noueml’)
1149 2055 1257 2120 leucas
1279 2068 1327 2120 est
1350 2055 1466 2120 nobilis
1494 2055 1551 2120 illa
1573 2067 1604 2121 et
1626 2058 1760 2143 antiqua
1781 2058 1897 2122 ciuitas
1918 2062 2053 2119 Beritnnz
2062 2060 2147 2140 ⁰)71),
2167 2053 2197 2104 ¹³

480 2168 535 2233 ubi
559 2168 677 2233 dicitur
698 2171 798 2234 eciam
817 2171 978 2235 Dominus
1001 2171 1198 2257 predicasse,
1221 2171 1276 2235 ubi
1298 2175 1400 2236 eciam
1421 2171 1511 2236 Iudei
1534 2173 1620 2235 lacta
1641 2173 1836 2257 imaginell‘)
1859 2172 1899 2236 de
1921 2184 2018 2259 pasta
2033 2174 2062 2237 ei
2076 2173 2144 2238 illu·

479 2295 591 2348 serunt
623 2296 653 2348 et
680 2285 810 2349 tandem
838 2287 1060 2371 crucifigentes
1089 2289 1277 2372 sanguinem
1299 2287 1341 2351 ab
1364 2310 1402 2351 ca
1425 2291 1457 2351 in
1479 2310 1598 2372 magna
1620 2290 1799 2374 quant-itate
1821 2299 2050 2371 extraxerunt,
2085 2312 2147 2373 que

479 2422 580 2485 usque
600 2399 696 2465 hodie
718 2409 750 2465 in
774 2402 881 2466 multis
904 2403 1016 2480 locisd)
1037 2414 1227 2468 ueneranter
1250 2403 1395 2467 habetur.

600 2517 785 2604 Episcopus
807 2518 899 2582 huius
922 2520 1071 2602 ciuitatis,
1095 2521 1177 2583 sieut
1198 2530 1230 2583 et
1252 2519 1442 2599 sidonensis
1467 2522 1690 2603 suffraganeus
1714 2529 1763 2582 cst
1783 2521 1934 2605 tyrensis.
1978 2518 2019 2582 Et
2041 2521 2146 2584 termi-
2169 2518 2197 2567 Η

477 2646 574 2698 natur
598 2635 785 2719 metropolis
809 2637 948 2721 tyrensis
980 2633 1065 2698 ultra
1087 2635 1129 2700 ad
1150 2635 1198 2700 111
1217 2635 1326 2699 leucas
1348 2636 1382 2699 in
1401 2635 1534 2714 flumen,
1568 2637 1621 2722 qui
1640 2658 1753 2715 passus
1774 2636 1909 2712 canis-⁷³)
1933 2635 2065 2717 dicitur,
2093 2639 2146 2722 qui

479 2748 600 2813 ibidem
622 2773 774 2835 magnum
795 2774 884 2816 mare
905 2751 1095 2836 ingreditur.
1139 2751 1346 2815 Terminatur
1368 2751 1516 2816 similiter
1539 2751 1778 2838 patriarchatus
1799 2749 2087 2832 ierosolimitanus,
2117 2764 2147 2815 et

480 2868 593 2952 incipit
617 2868 856 2952 patriarchatus
878 2868 1086 2933 antiochenus
1117 2877 1149 2932 et
1171 2870 1340 2932 comitatus
1361 2868 1579 2954 tripolitanus.
1622 2867 1687 2947 Qui
1712 2866 1802 2930 locus
1826 2891 1939 2946 passus
1964 2871 2048 2928 canis
2070 2866 2147 2931 diei·

477 2994 540 3064 tur,
563 2992 595 3046 et
616 2993 664 3046 est
685 2982 775 3047 locus
795 2983 987 3048 immeabilis
1010 3008 1067 3070 per
1088 2995 1218 3065 terram,
1239 2984 1303 3047 nisi
1325 2982 1366 3047 de
1387 2983 1643 3049 Sarracenorum
1665 2983 1836 3048 uoluntate.
1873 2982 1974 3046 Pauci
1996 2984 2079 3046 enim
2101 2982 2147 3047 ibi

479 3099 542 3162 uiri
562 3098 771 3184 prohiberent
791 3101 963 3162 transitum
984 3098 1024 3163 de
1045 3101 1132 3165 sacili
1154 3101 1213 3165 toti
1236 3099 1367 3163 mundo.

602 3214 655 3277 De
676 3214 786 3279 Berito
809 3215 851 3278 ad
874 3239 932 3279 sex
953 3216 1061 3281 leucas
1082 3240 1179 3304 super
1201 3239 1291 3280 mare
1312 3227 1362 3280 est
1381 3216 1577 3296 Batinum),
1600 3216 1714 3278 cimtas
1737 3216 1845 3300 prima
1866 3212 1906 3276 de
1927 3214 2148 3298 patriarchatu
2169 3217 2198 3265 ¹⁵

480 3329 689 3411 antiocheno,
720 3330 843 3395 habens
866 3335 1062 3418 episcopum.
1102 3334 1155 3397 De
1176 3334 1239 3397 ista
1269 3331 1387 3395 dicitur
1407 3330 1588 3394 Ezechielis
1611 3330 1792 3406 XXVIIlf')
1814 3331 1847 3392 in
1870 3329 2148 3394 commendatione

479 3444 578 3533 Tyri:
607 3450 697 3509 Senes
719 3451 812 3509 Biblii
833 3461 860 3510 et
876 3454 1041 3527 prudentes
1063 3453 1149 3511 huius
1169 3453 1334 3511 habuerunt
1358 3459 1467 3508 nantas
1489 3452 1532 3509 ud
1552 3451 1745 3510 rrrinisterium
1773 3450 1860 3508 uarie
1881 3450 2072 3525 supellectilis
2094 3459 2148 3510 tue.

479 3601 518 3610 —-
539 3564 700 3627 Dominus
721 3563 821 3628 Biblii
834 3567 872 3641 ³¹³)
895 3572 974 3640 esto
997 3565 1140 3630 uasallus
1160 3566 1285 3630 comitis
1309 3562 1497 3649 tripolitani.
1540 3565 1633 3628 Nune
1655 3565 1770 3627 ciuitas
1793 3564 1866 3647 ipsa
1881 3567 2023 3639 Sibletlts)
2039 3565 2078 3637 ³³)
2102 3563 2148 3627 di-

478 3680 570 3759 citur,
594 3692 624 3742 et
645 3695 693 3743 est
713 3682 791 3743 satis
813 3702 923 3764 parua.

602 3794 654 3858 De
671 3795 776 3860 Biblio
798 3796 841 3859 ad
861 3806 998 3880 quatuor
1020 3796 1129 3861 leucas
1152 3807 1201 3861 est
1217 3798 1393 3873 Βοῖνιιυιῖ)
1411 3796 1536 3876 ciuitas,
1559 3794 1712 3880 opulenta
1729 3793 1891 3880 quondam
1908 3796 1941 3857 in
1958 3796 2033 3859 uino
2053 3793 2148 3858 ualde
2169 3798 2199 3849 16

479 3910 678 3976 nobilissiuro
702 3925 732 3975 et
756 3910 903 3975 omnibus
925 3911 1018 3976 bonis
1039 3913 1161 3994 mundi,
1183 3912 1240 3977 sed
1260 3935 1345 3975 nunc
1366 3911 1509 3975 funditus
1532 3921 1580 3974 est
1602 3909 1828 3986 destructam).

602 4027 682 4092 Inde
706 4026 749 4091 ad
769 4039 834 4091 tres
855 4027 963 4091 leucas
987 4039 1035 4092 est
1057 4042 1198 4093 crustrtun
1221 4034 1408 4108 nephtar),
1437 4029 1471 4091 in
1493 4029 1575 4091 mari
1597 4028 1664 4089 fere
1689 4038 1797 4090 toturn.
1843 4023 1936 4105 Quod
1960 4036 2008 4088 cst
2031 4026 2148 4113 princi·
2170 4037 2199 4086 17

545 4194 571 4253 a)
590 4192 748 4245 orientalem
767 4190 799 4246 St
811 4190 836 4245 h.
858 4222 891 4230 —
916 4191 945 4263 b)
963 4193 1078 4262 quinque
1096 4190 1134 4245 St¹
1159 4210 1252 4245 esocem
1277 4191 1386 4245 codices
1411 4191 1514 4244 vratisl.
1541 4220 1571 4228 -
1595 4193 1621 4261 c)
1640 4190 1753 4242 trem'trrm
1772 4205 1824 4242 om.
1844 4186 1883 4241 St.
1904 4218 1934 4228 -
1962 4188 1990 4249 d)
2008 4188 2078 4241 loen
2096 4204 2149 4241 om.

613 4276 651 4329 St.
674 4308 700 4317 -
720 4277 746 4343 e)
764 4283 803 4329 est
819 4293 870 4330 om.
889 4275 928 4330 st.
947 4306 979 4314 -
997 4275 1023 4341 f)
1040 4276 1136 4343 sabech
1155 4274 1186 4328 St
1214 4275 1317 4329 hieran
1336 4274 1362 4327 h.

484 4418 691 4477 raes—1260.
722 4414 841 4474 Etenim
862 4414 930 4473 inde
952 4413 990 4472 ab
1012 4433 1089 4472 anno
1108 4418 1183 4474 1253
1200 4414 1292 4473 Sidon
1334 4413 1494 4472 Dschebeil
1523 4411 1641 4471 dletum.
1683 4409 1729 4469 cf.
1758 4430 1817 4468 van
1845 4408 1882 4468 de
1906 4408 2001 4468 Velde
2029 4410 2150 4468 memoir

476 4521 541 4569 ertit
561 4514 729 4592 templariis,
751 4514 789 4572 ab
811 4534 888 4572 anno
915 4516 991 4572 1200
1015 4512 1177 4572 Saracenis.
1335 4533 1363 4590 p.
1385 4517 1442 4571 313
1463 4511 1557 4569 Rittcr
1574 4509 1669 4568 XVII
1691 4513 1700 4580 ί
1707 4512 1743 4581 1).
1767 4514 1804 4568 60
1827 4529 1890 4587 sqq.

541 4632 591 4699 68)
615 4630 702 4686 Mons
723 4629 913 4686 Antilibanus
936 4637 965 4686 et
986 4650 1012 4705 q.
1035 4626 1066 4701 sl
1089 4624 1213 4684 Carolus
1230 4625 1293 4683 Rit-
1400 4615 1448 4676 7⁵)
1478 4610 1636 4667 EltCllellS
1666 4607 1811 4683 XXl'Hl
1840 4627 1867 4667 V·
1898 4613 1924 4667 9·
1976 4606 2035 4665 Vbi
2068 4628 2150 4665 36068

476 4736 555 4785 terus
568 4726 661 4785 XVII
675 4729 725 4799 (1).
747 4732 805 4787 394
827 4726 899 4785 haec
922 4723 1082 4785 Burchurdi
1104 4724 1194 4783 rerba
1217 4745 1294 4783 com·
1336 4709 1429 4765 Biblii
1451 4710 1514 4787 (Pf0
1541 4707 1640 4781 Giezit,
1662 4706 1740 4786 quod
1764 4706 1893 4782 Vulgata
1915 4705 2024 4779 habel),
2046 4706 2151 4783 Ῑθῖζῑῒῑῖῐ

476 4835 631 4885 mentatur,
1337 4808 1366 4864 in
1385 4804 1529 4864 Sabaterii
1550 4806 1678 4864 editione
1692 4807 1798 4864 veteris
1813 4805 1934 4862 Italicae
1953 4814 1972 4863 t.
1989 4805 2019 4862 lI
2035 4825 2064 4882 p.
2083 4810 2150 4865 003.

1399 4911 1448 4978 70)
1471 4906 1617 4962 Dominus
1635 4904 1735 4979 Biblii]
1752 4904 1887 4962 V.Ritter
1904 4903 1998 4960 XVII
2014 4906 2065 4974 (1).
2082 4909 2149 4963 001.

540 4948 590 5014 09)
615 4943 649 4999 de
671 4961 727 5017 quo
750 4941 858 4998 dictum
881 4950 923 4999 est
946 4940 1023 5014 ante}
1047 4935 1064 5019 ᾗ
1088 4943 1114 4999 8.
1796 5003 1801 5015 Ι
1826 5003 1832 5016 ,
1964 4997 1972 5020 Ι

1398 5009 1447 5075 77)
1473 5005 1591 5079 bubletl]
1615 5004 1729 5060 Phocus
1748 5002 1846 5060 scribit
1870 5001 2005 5077 Ζεβελετ,
2026 5000 2151 5061 Abulfs·

541 5060 592 5130 n)
614 5058 773 5114 secunaum
795 5056 880 5130 serua]
904 5056 938 5115 v.
957 5053 1052 5114 oseae
1069 5052 1154 5111 mu
1170 5057 1186 5113 s
1204 5053 1291 5130 rag.
1335 5103 1394 5161 ,mh
1416 5101 1524 5161 (ΗΜΘ),

541 5175 591 5245 7Ῑ)
616 5172 757 5247 Beritnm]
786 5173 905 5250 antiqua
926 5170 1069 5249 Besl'lus’
1099 5188 1200 5225 ΝΟΜ
1229 5167 1292 5226 Bel
1398 5207 1446 5271 78,
1470 5203 1603 5276 Betrurn]
1634 5201 1754 5278 antiqua
1778 5199 1896 5277 Botrys,
1925 5220 2026 5257 recens
2053 5198 2150 5258 el·Ba-

479 5274 534 5330 rtit.
571 5269 618 5333 Of.
640 5290 697 5328 van
726 5269 762 5328 de
786 5269 881 5328 Velde
909 5289 993 5328 mem.
1024 5291 1050 5348 p.
1074 5272 1141 5329 293.
1184 5267 1293 5326 Robin-
1335 5305 1410 5361 trstn'
1456 5301 1491 5359 V·
1513 5300 1607 5357 Ritter
1627 5298 1721 5356 ΗΠ
1744 5300 1795 5369 (Ι).
1819 5302 1990 5358 584-588.

477 5389 532 5428 ⁸0¹¹
554 5369 591 5428 N·
613 5369 647 5429 F·
668 5368 723 5428 ῙῙῘ·
747 5372 804 5429 725
828 5389 908 5447 seqq·
1400 5405 1449 5472 79)
1473 5399 1633 5472 destructa]
1655 5394 1804 5469 Quando?
1827 5397 1936 5455 nescio.

542 5485 591 5556 72)
613 5484 702 5542 Mel
714 5484 901 5560 -intnqina
926 5483 972 5541 De
994 5481 1048 5539 1¹³⁰
1070 5483 1295 5553 narratiunculas
1398 5503 1447 5567 802
1469 5498 1598 5573 h'eplrinl
1626 5497 1712 5554 llunc
1735 5493 1895 5552 Burchardi
1925 5495 2019 5553 locum
2048 5506 2151 5553 tractat

478 5592 542 5641 orta
563 5584 681 5642 saeculo
703 5583 789 5651 VIII,
809 5581 867 5642 vid.
888 5579 1039 5639 Robinson
1062 5579 1125 5641 Pal.
1149 5582 1204 5640 Ill.
1228 5586 1294 5641 727.
1334 5598 1462 5655 Ritteffls
1490 5595 1580 5653 XVII
1611 5598 1662 5667 (ι’,
1692 5600 1749 5653 609
1773 5616 1815 5672 sq.
1860 5592 1994 5653 Castrum
2023 5593 2151 5671 Nephin‚

542 5700 591 5771 73)
616 5699 731 5756 Passus
752 5699 845 5773 canis]
866 5698 921 5755 Est
942 5718 1043 5756 recens
1059 5696 1142 5754 Nahr
1163 5696 1293 5767 elKelb,
1335 5695 1468 5766 Nelrino,
1490 5694 1590 5759 Nefro,
1610 5693 1688 5772 ‹ltrod
1711 5692 1811 5751 dicunt
1833 5712 1917 5751 cruce
1940 5693 2060 5768 signati,
2090 5691 2150 5749 Rit-

479 5795 497 5854 i.
516 5816 541 5857 e.
564 5797 673 5856 flumen
696 5799 790 5869 canis,
813 5798 882 5856 olim
905 5797 1004 5874 Lycus
1026 5794 1127 5853 dictus.
1173 5794 1209 5854 V.
1233 5794 1294 5852 Rit-
1335 5795 1388 5852 teri
1417 5794 1562 5852 sententia
1587 5803 1631 5850 est
1653 5791 1881 5871 promontorium
1905 5791 2151 5869 Theuprosopon,

479 5902 521 5953 ter
539 5893 633 5954 XVII
655 5902 707 5970 ll).
731 5902 777 5959 00.
801 5903 858 5956 510
881 5916 922 5973 sq.
1335 5891 1414 5971 quod
1436 5913 1513 5951 nunc
1543 5890 1643 5948 dicunt
1664 5891 1724 5947 lats
1753 5888 1993 5959 esch-Schulr'uh,
2023 5910 2081 5947 non
2108 5910 2152 5949 re·

541 5999 590 6068 74)
620 5994 757 6069 Batiam]
793 5993 872 6053 olim
908 5992 1033 6071 Byblos,
1071 5989 1181 6055 Gubul,
1216 6012 1293 6049 nunc
1336 6012 1405 6050 cens
1427 5990 1535 6049 Ent'eh.

1906 6100 1939 6148 4.
