5334 6975
1337 679 1395 740 136

528 855 645 920 callide
668 854 813 942 prouidit
834 853 1009 940 dyabolus,
1038 862 1074 916 vt
1094 852 1159 936 illi,
1190 856 1246 939 qui
1268 854 1380 920 nolunt
1409 879 1467 942 per
1489 858 1577 920 viam
1598 857 1746 921 strictam
1767 855 1941 920 ascendere
1964 855 2007 920 ad
2027 854 2202 920 beatitudi-

528 994 617 1053 nem,
640 994 698 1058 per
721 973 806 1035 viam
828 970 956 1055 largam
977 967 1118 1070 faciliter
1140 969 1373 1035 descenderent
1396 971 1438 1036 ad
1460 972 1651 1057 gehennam.

798 1136 925 1200 XXXI.
969 1133 1096 1213 QUOD
1119 1132 1212 1197 LEX
1235 1133 1598 1202 SARRACENORUM
1618 1135 1703 1201 EST
1725 1133 1942 1201 CONFUSA.

497 1273 507 1321 1
651 1269 711 1333 Est
733 1268 908 1344 cciarrr²⁰¹l
929 1267 983 1330 lex
1006 1266 1260 1331 sarracenorum
1281 1269 1433 1350 confusa,
1455 1271 1501 1333 ita
1525 1268 1612 1355 quod
1632 1267 1738 1332 nullus
1761 1270 1863 1331 estin
1885 1266 2024 1350 mundo,
2056 1269 2111 1354 qui
2131 1290 2205 1332 eam

527 1386 570 1449 ad
592 1398 715 1449 certum
737 1384 882 1448 ordinem
906 1385 1008 1469 possit
1029 1382 1201 1463 reducere,
1224 1406 1287 1448 non
1310 1384 1353 1448 ad
1375 1383 1520 1448 ordinem
1541 1386 1696 1470 temporis
1718 1383 1770 1447 vel
1791 1383 1854 1448 loci
1866 1433 1875 1466 ,
1898 1393 1933 1447 vt
1954 1383 2008 1447 elii
2032 1383 2202 1471 prophete,

528 1502 583 1585 qui
608 1500 886 1586 prophetnuerunt
918 1498 974 1562 tali
1003 1509 1147 1583 tempore
1176 1499 1235 1562 sub
1269 1498 1390 1563 talibus
1418 1499 1549 1585 regibus
1574 1500 1626 1564 vel
1651 1502 1686 1563 in
1712 1500 1769 1563 tali
1790 1499 1877 1580 loco,
1904 1521 1964 1562 nec
1990 1499 2033 1563 ad
2056 1498 2203 1564 ordinem

493 1618 671 1698 amateric,
694 1626 728 1679 ut
750 1615 806 1679 alii
827 1615 914 1678 libri.
957 1615 1040 1677 Nam
1064 1616 1110 1677 ita
1134 1625 1183 1677 cst
1205 1616 1355 1696 confusa,
1379 1615 1463 1701 quod
1485 1614 1591 1679 nullus
1613 1625 1671 1693 est,
1693 1618 1747 1701 qui
1769 1616 1873 1701 possit
1895 1626 2015 1678 certam
2038 1617 2203 1681 racionem

494 1732 683 1813 arcddere,
715 1754 816 1815 quare
844 1730 931 1794 istud
958 1729 1133 1816 capitulum
1156 1729 1379 1814 precedam)
1409 1730 1543 1795 alterum
1571 1730 1623 1794 vel
1653 1743 1815 1817 sequatur.
1857 1730 1901 1794 Et
1928 1731 2004 1796 inde
2025 1743 2089 1813 est,
2117 1730 2203 1819 quod

493 1866 509 1914 4
529 1847 665 1911 candem
687 1846 853 1912 historiam
877 1869 935 1932 per
957 1847 1066 1910 omnia
1088 1848 1178 1931 ponit
1200 1844 1375 1931 aliquando
1397 1848 1431 1911 in
1453 1846 1563 1910 decem
1585 1847 1665 1911 loeis
1688 1856 1720 1910 et
1740 1846 1887 1934 amplius.
1932 1847 1992 1911 Est
2012 1849 2111 1932 igitur
2127 1869 2201 1912 con·

495 1965 602 2028 elissa
624 1964 752 2048 penitus
776 1965 844 2026 sine
869 1961 982 2027 ordino
1004 1961 1228 2047 capitulorum.
1270 1961 1332 2025 Est
1354 1965 1438 2027 enirn
1460 1963 1594 2027 confusa
1615 1964 1648 2025 in
1671 1985 1730 2025 sua
1754 1963 1948 2044 confusione,
1970 1985 2045 2026 nam
2066 1965 2100 2026 in
2119 1964 2202 2026 veri·

528 2092 593 2143 tate
615 2080 765 2160 nescitur,
790 2078 867 2165 quid
888 2076 1053 2164 prohibet,
1086 2076 1179 2140 simul
1201 2079 1285 2140 enim
1307 2076 1432 2165 aliquid
1452 2077 1602 2164 prohibet
1626 2088 1657 2141 et
1678 2077 1842 2161 concedit3
1873 2078 1952 2143 dicit
1974 2079 2058 2142 enim
2080 2077 2120 2142 de
2143 2077 2200 2141 ali·

529 2218 590 2281 quo
613 2196 715 2278 graui,
738 2195 824 2281 quod
846 2193 1008 2279 prohibet:
1036 2193 1105 2275 „Ne
1133 2195 1259 2256 iacietis
1283 2192 1347 2257 talc
1369 2193 1462 2279 quid,
1496 2196 1573 2279 quia
1594 2218 1614 2258 a
1636 2194 1774 2269 Deo²⁰³l
1798 2193 1998 2279 prohibitum
2019 2203 2086 2275 est,
2114 2192 2202 2279 quod

530 2312 557 2373 si
578 2312 727 2390 feceritis,
752 2310 840 2373 Deus
864 2321 912 2373 est
933 2310 1116 2372 misericors
1140 2319 1171 2371 et
1194 2313 1364 2374 miserator
1388 2322 1419 2373 et
1440 2311 1539 2390 nouit,
1563 2313 1638 2396 quia
1660 2311 1737 2373 estis
1758 2309 1920 2395 l'ragiles.“

783 2474 924 2538 XXXII.
968 2473 1095 2553 Quor)
1119 2473 1211 2537 LEX
1235 2473 1597 2540 SARRACEXORUII
1617 2473 1702 2538 EST
1724 2473 1944 2539 OCCULTA.

494 2587 503 2635 l

493 2655 507 2703 2
651 2607 712 2670 Est
744 2617 850 2671 autern
881 2606 933 2669 lox
964 2629 1075 2669 corrmr
1107 2605 1232 2670 occulta
1259 2608 1293 2669 in
1323 2630 1381 2670 sua
1403 2609 1620 2693 expressione.
1664 2606 1746 2669 Nam
1767 2616 1846 2692 aput
1867 2628 1977 2670 omnes
2000 2605 2200 2670 Sarracenos

528 2725 741 2787 certissimum
764 2734 795 2786 ct
817 2722 1079 2807 probatissimum
1102 2721 1234 2804 dicitur,
1258 2722 1344 2808 quod
1366 2722 1472 2787 nullus
1495 2732 1561 2803 est,
1583 2724 1638 2808 qui
1661 2723 1742 2785 sciat
1763 2720 1959 2803 alcoranum,
1990 2744 2049 2785 nec
2070 2724 2200 2808 exposi-

492 2864 508 2913 3
527 2840 653 2903 cionem
676 2838 829 2918 alcorani,
850 2839 914 2901 nisi
936 2836 1023 2902 solus
1047 2837 1146 2901 Deus.
1189 2837 1255 2901 Sed
1276 2838 1435 2923 quomodo
1458 2850 1506 2902 est
1526 2836 1741 2918 racionabile,
1764 2837 1851 2924 quod
1872 2837 1962 2901 Deus
1985 2837 2074 2901 dedit
2095 2836 2200 2922 legem

492 2983 508 3028 4
527 2953 710 3018 hominibus
733 2964 764 3016 et
785 2952 895 3033 voluit,
918 2952 1003 3039 quod
1023 2963 1191 3017 seruarent
1211 2953 1310 3035 illam,
1335 2953 1393 3017 sed
1415 2954 1527 3034 noluit,
1549 2954 1637 3038 quod
1658 2953 1900 3039 intelligerent?
1921 2953 2024 3017 Porro
2039 2952 2200 3037 quomode

493 3080 661 3154 spossunt
688 3068 862 3132 obseruare
891 3068 978 3155 quod
1006 3092 1070 3133 nou
1097 3069 1310 3154 intelligunt?
1338 3071 1405 3155 Ipsi
1430 3072 1514 3134 cuim
1544 3093 1602 3156 per
1624 3071 1862 3154 esposicionenr
1887 3071 1933 3132 sie
1954 3069 2076 3133 faciunt
2097 3068 2200 3154 legem

492 3184 613 3253 billum
636 3185 809 3265 confusam,
830 3185 916 3271 quod
940 3187 1066 3271 penitus
1089 3185 1167 3250 deus
1190 3185 1254 3266 ille,
1276 3188 1332 3273 qui
1354 3185 1443 3250 dedit
1463 3184 1568 3270 legem
1590 3185 1689 3267 illam,
1710 3184 1840 3248 videtur
1864 3184 1943 3248 dous
1966 3185 2081 3248 fatuus.
2115 3186 2197 3248 Nam

524 3300 571 3365 ibi
594 3303 749 3388 scriptum
772 3313 828 3383 est,
852 3301 938 3386 quod
961 3302 1137 3366 fornicario
1160 3316 1208 3366 cst
1229 3303 1394 3388 prohibita
1416 3315 1447 3366 et
1469 3325 1585 3376 veura,
1608 3301 1665 3365 sed
1688 3300 1829 3388 quelibet
1851 3301 1998 3365 vendicio
2022 3312 2054 3365 et
2074 3302 2200 3388 enrpcio

492 3420 642 3495 test-²⁰⁴)
667 3416 756 3482 licita
786 3428 817 3483 ct
843 3441 908 3481 non
937 3416 1117 3504 prohibita,
1146 3429 1177 3480 et
1199 3417 1286 3504 quod
1307 3417 1347 3482 do
1370 3441 1429 3482 sua
1451 3441 1486 3481 re
1507 3417 1568 3482 sibi
1590 3417 1687 3481 licent
1709 3417 1818 3480 facere
1838 3416 1925 3503 quod
1946 3417 2010 3480 wlt.
2054 3416 2137 3481 Vide
2160 3416 2199 3481 de

526 3533 773 3622 perfectioribus
803 3558 844 3598 ex
867 3535 1072 3599 Sarraecnis:
1102 3533 1226 3597 vadunt
1252 3534 1294 3597 ad
1316 3533 1530 3619 prostibulum
1554 3544 1584 3597 et
1606 3533 1717 3597 dicunt
1738 3534 1914 3597 meretrici:
1936 3532 2131 3619 „Appetitas
2154 3546 2201 3598 est
2236 3599 2240 3607 ,

494 3631 508 3682 8

493 3702 509 3748 9

479 3790 509 3839 lo
528 3768 571 3831 cit
591 3768 620 3829 ei
640 3765 708 3829 ille:
738 3764 805 3846 „Es
827 3763 908 3828 benc
930 3766 1030 3828 mea.“
1074 3765 1147 3845 Qua
1170 3765 1380 3845 concedente,
1412 3767 1496 3853 quod
1527 3769 1589 3848 sie,
1615 3765 1669 3829 ille
1699 3763 1876 3830 concludit:
1904 3764 1977 3845 „De
1999 3787 2034 3828 re
2057 3788 2129 3829 mea
2151 3788 2199 3830 sc·

527 3651 634 3730 michi,
658 3649 714 3713 scd
735 3650 890 3714 fornicari
910 3672 974 3713 non
994 3649 1076 3712 licet.
1121 3648 1233 3713 Vende
1255 3662 1286 3714 te
1310 3649 1438 3713 miclri.“
1481 3649 1525 3713 Et
1547 3649 1601 3713 illa
1628 3672 1662 3713 se
1686 3648 1812 3729 vendit,
1842 3660 1873 3712 ct
1895 3646 1997 3713 soluto
2021 3652 2131 3735 precio
2154 3649 2198 3713 di·

478 3906 507 3955 11
528 3882 669 3948 cundum
695 3880 800 3965 legem
827 3892 974 3945 nostram
1000 3880 1075 3946 licet
1103 3881 1202 3945 michi
1230 3882 1339 3945 facere
1367 3881 1451 3967 quod
1481 3880 1585 3946 volo.“
1628 3880 1671 3944 Et
1692 3893 1768 3944 tunc
1790 3902 1902 3944 secure
1924 3880 2108 3945 concumbit
2129 3904 2200 3946 cum

529 4022 575 4064 ea.
608 3999 652 4063 Et
673 3998 735 4062 hoe
754 3996 841 4061 idem
863 3995 990 4060 videtur
1010 3996 1092 4060 velle
1114 3996 1223 4061 dicere
1238 3996 1461 4061 blachometus
1481 3999 1514 4061 in
1530 3997 1692 4079 alcorano,
1715 3996 1801 4080 quod
1820 4008 1932 4082 aperto
1950 4006 1982 4059 et
1996 3998 2084 4083 turpi
2099 3997 2198 4062 verbo

529 4115 652 4201 profert
672 4112 800 4177 dicens:
823 4112 996 4197 „Fatigato
1018 4112 1178 4193 mulieres,
1202 4124 1233 4177 ct
1254 4136 1318 4178 non
1341 4116 1402 4177 erit
1417 4113 1548 4200 aliquod
1566 4123 1745 4199 peccatum,
1768 4111 1940 4176 dummodo
1959 4111 2116 4177 dederitis
2131 4134 2200 4199 pre

480 4246 510 4295 12
529 4233 625 4313 cium,
660 4229 745 4316 quod
773 4229 999 4315 promisistis‚“
1041 4227 1166 4293 Eodem
1189 4227 1284 4292 modo
1307 4229 1430 4293 faciunt
1457 4228 1513 4309 illi,
1536 4231 1592 4315 qui
1613 4228 1725 4293 volunt
1746 4237 1892 4314 prestare
1914 4226 1956 4290 ad
1978 4249 2113 4291 vsnram
2134 4229 2200 4292 sine

480 4358 510 4408 13
529 4356 672 4431 peccato.
712 4346 797 4410 Nam
818 4356 905 4409 tenet
927 4355 1094 4430 apoteoam
1117 4367 1188 4408 cunr
1211 4348 1359 4431 pecunia,
1382 4357 1413 4409 et
1434 4355 1520 4410 tenet
1542 4346 1588 4410 ibi
1610 4344 1719 4430 aliqua
1739 4343 1817 4407 vilia
1838 4342 1976 4425 venalia,
2005 4356 2132 4408 etcum
2150 4367 2200 4407 ve-

529 4465 614 4524 nerit
634 4460 697 4541 ille,
719 4463 775 4547 qui
796 4460 920 4544 indiget
943 4463 1091 4546 pecunia,
1114 4459 1177 4540 ille,
1200 4462 1254 4547 qui
1276 4471 1410 4547 prestat,
1432 4471 1645 4548 protestatur,
1669 4461 1793 4525 dicens:
1822 4458 1915 4544 „Ego
1937 4481 2001 4523 non
2024 4471 2201 4545 prester-em

530 4575 573 4640 ad
594 4597 743 4650 rsuram,
767 4578 843 4662 quio
864 4600 927 4640 non
950 4577 1024 4640 licet
1045 4575 1219 4640 secundum
1243 4562 1440 4657 alcoranum,
1464 4576 1520 4641 sed
1543 4576 1695 4662 prestabo
1718 4575 1779 4640 tibi
1800 4577 1903 4660 gratis
1926 4589 1957 4639 et
1977 4587 2012 4640 tu
2034 4599 2123 4641 emes
2145 4574 2200 4643 ali·

481 4707 512 4756 tt
530 4690 609 4779 quid
631 4715 651 4754 a
672 4692 752 4754 me.“
795 4692 838 4755 Et
859 4702 934 4756 tunc
955 4704 1079 4778 prestat
1100 4693 1130 4756 ci
1152 4693 1331 4777 pecuniam,
1355 4702 1387 4756 et
1408 4692 1463 4756 illc
1485 4694 1560 4756 emit
1583 4691 1704 4776 aliquid
1726 4691 1768 4755 ab
1792 4714 1839 4763 co,
1862 4702 1893 4755 et
1914 4691 1972 4755 dat
1993 4694 2023 4756 ei
2045 4695 2199 4779 precium,

530 4808 616 4894 quod
639 4806 769 4871 excedit
790 4807 935 4872 valorem
958 4808 1134 4871 secundum
1156 4809 1367 4893 quantitatem
1391 4810 1526 4894 pecunie
1548 4820 1580 4871 et
1601 4808 1834 4894 longitudinem
1855 4809 2021 4893 temporis,
2043 4831 2108 4895 quo
2130 4830 2201 4895 pre·

478 4907 509 5025 {g
529 4934 593 4987 stat
614 4926 643 4987 ei
664 4925 844 5009 pecuinam.
888 4922 931 4987 Et
951 4924 1013 4988 isto
1036 4922 1130 4986 modo
1152 4922 1287 4987 credunt
1307 4946 1378 4987 esse
1398 4923 1521 4988 licitum
1543 4934 1835 5009 quantumcumque
1857 4922 1898 4988 ab
1921 4947 1959 4988 eo
1979 4925 2129 5010 accipiat
2171 4923 2198 4989 Ο

478 5066 508 5117 17
529 5039 611 5103 ceci!
634 5041 767 5126 putatis,
791 5038 876 5125 quod
891 5039 982 5103 Deus
1005 5038 1147 5103 dedisset
1167 5038 1263 5102 talem
1285 5038 1400 5124 legem,
1423 5063 1486 5126 qua
1507 5040 1687 5126 decepisset
1709 5042 1935 5126 semetipsum
1958 5050 1990 5104 et
2009 5040 2095 5104 ves?
2119 5040 2199 5105 Nam

528 5157 591 5220 isto
614 5156 710 5220 modo
734 5157 836 5220 omnis
859 5158 1076 5240 transgressio
1100 5155 1219 5240 peterit
1240 5155 1309 5218 lieri
1332 5154 1431 5219 licita.

720 5321 877 5385 XXXIII.
922 5318 1048 5399 QUOD
1071 5318 1163 5382 LEX
1184 5319 1546 5386 SARRAOENORUM
1569 5319 1653 5383 Est*
1674 5319 2020 5385 MENDACISSIMA.

495 5425 511 5543 ὲ
655 5452 715 5515 Est
734 5455 817 5516 onim
839 5451 891 5516 lex
914 5453 988 5538 ipsa
1008 5451 1266 5516 mendacissima.
1310 5453 1394 5517 Nam
1416 5452 1588 5517 Sarraccni
1617 5462 1726 5537 preter
1757 5453 1941 5517 alcoranum
1962 5451 2084 5517 habent
2105 5474 2199 5540 quen·

532 5570 606 5634 darn
627 5568 724 5632 alium
746 5567 879 5650 librum,
910 5589 1001 5654 quem
1027 5566 1115 5630 dedit
1138 5570 1183 5631 eis
1205 5566 1443 5651 Meclrometus,
1471 5571 1503 5632 in
1532 5589 1595 5655 quo
1616 5567 1695 5632 talia
1715 5569 1884 5632 mendacia
1907 5577 1981 5632 sunt
2003 5579 2034 5632 et
2055 5567 2136 5634 talia
2156 5570 2201 5632 in·

592 5743 662 5809 201)
686 5740 761 5795 enim
783 5734 821 5795 G.
1453 5740 1524 5797 norb
1546 5736 1620 5794 adeo
1643 5735 1679 5794 G.

591 5840 664 5911 202)
689 5836 823 5912 precedit
848 5833 883 5894 G.
934 5832 995 5894 Sed
1025 5832 1102 5893 idem
1130 5833 1219 5893 hebet
1245 5854 1347 5911 sequu—
1452 5841 1523 5907 rot)
1545 5845 1572 5893 et
1594 5835 1629 5894 G.

529 5946 588 6009 tur,
609 5956 699 6014 qums
721 5935 890 6014 scripsimus
909 5936 1061 6012 precedat.
