5334 6975
1044 1720 1465 1795 hauritura

1245 1905 1272 1955 S.

549 2140 717 2220 Omnium,
739 2139 794 2225 qui
815 2137 922 2201 medio
945 2159 1026 2201 aevo
1047 2149 1166 2200 terram
1190 2147 1333 2200 sanctam
1357 2140 1511 2218 riserrmt,
1534 2140 1814 2224 peregrinatorum
1837 2137 2022 2201 notissimus
2045 2148 2094 2198 est

425 2253 632 2318 Burchardus
655 2254 695 2317 de
716 2252 826 2317 Monte
849 2252 937 2334 Sion,
958 2254 1009 2316 cui
1030 2256 1112 2334 „siae
1133 2257 1344 2314 narrationum
1358 2258 1448 2336 fidem
1469 2253 1533 2318 nai
1558 2252 1775 2334 ἑνεργείαν,
1800 2257 1860 2314 sinc
1888 2256 2093 2332 exquisitionis

425 2375 471 2430 vel
496 2393 559 2431 carn
584 2393 695 2431 surnmo
713 2373 849 2449 periculo
871 2372 1044 2429 coniunctae
1064 2372 1243 2429 industriam
1271 2374 1318 2430 ael
1333 2375 1594 2448 perseverantiam
1615 2383 1743 2449 spectes,
1772 2374 1905 2447 polutum
1922 2372 2019 2443 facilc
2043 2372 2090 2428 dc·

427 2488 504 2546 bari“
527 2497 614 2548 recte
636 2498 743 2549 censet
764 2484 961 2548 Reineeoius.
1004 2483 1116 2570 Neque
1138 2483 1231 2547 aliter
1252 2484 1375 2548 iudicat
1396 2485 1642 2566 Adriehomius,
1665 2487 1720 2571 qni
1742 2488 2018 2564 ‚persuasissimum
2041 2488 2092 2544 lra-

425 2603 498 2676 buis,
526 2623 584 2662 non
605 2605 706 2677 fuisse
739 2624 881 2681 unquam,
910 2603 960 2679 qui
985 2602 1110 2660 volucrit
1142 2602 1252 2679 magis,
1288 2613 1340 2661 ant
1371 2624 1440 2661 vcro
1468 2606 1554 2664 ctiam
1579 2606 1712 2680 potuerit
1740 2604 1841 2662 melius
1865 2608 2034 2679 perfectam
2066 2610 2093 2659 ct

424 2720 582 2795 simplicem
619 2722 768 2798 quandam
798 2722 839 2777 ad
865 2719 950 2776 huius
979 2718 1025 2776 rei
1053 2717 1244 2794 capnitioncm
1276 2719 1356 2777 eiam
1384 2728 1525 2781 sternere.
1578 2716 1685 2796 Quum
1711 2717 1809 2801 igitur
1838 2727 1929 2778 tanta
1959 2715 2000 2778 sit
2029 2714 2091 2777 viri

425 2836 641 2917 praestantia,
677 2855 741 2897 non
776 2830 810 2895 id
845 2830 972 2917 quidem
1003 2832 1118 2894 mirum
1157 2843 1220 2913 est,
1262 2830 1379 2895 librum
1407 2833 1475 2897 eius
1504 2856 1736 2919 saepenumero
1766 2830 1886 2895 editum
1914 2852 2002 2913 esse,
2038 2829 2096 2893 sed

425 2946 505 3011 illud
533 2971 611 3012 sane
638 2951 694 3012 rix
727 2947 861 3029 eredes,
896 2948 1010 3032 viginti
1038 2945 1192 3033 amplius,
1228 2969 1311 3033 quae
1338 2959 1482 3030 exstent,
1516 2948 1699 3013 Burchardi
1733 2947 1909 3010 editionum
1935 2957 1966 3009 et
1998 2947 2094 3010 inter-

425 3067 641 3150 pretationum
674 3087 714 3128 ne
744 3087 839 3127 unam
871 3062 1000 3147 quidem
1034 3062 1108 3148 ipsa
1138 3064 1306 3149 scriptoris
1342 3063 1443 3128 verba
1475 3087 1645 3146 verumre,
1686 3085 1779 3150 quem
1805 3062 1932 3142 dicunt,
1970 3073 2096 3125 textum

428 3179 597 3266 praebere.
641 3179 728 3259 Quid
750 3178 835 3266 quod
857 3203 897 3242 ne
919 3178 959 3240 de
980 3179 1109 3241 nomine
1131 3178 1260 3265 quidem
1282 3181 1349 3243 eius
1371 3182 1454 3244 inter
1484 3203 1594 3245 omnes
1617 3191 1759 3260 constat,
1791 3201 1888 3264 quum
1910 3176 2000 3241 multi
2023 3200 2095 3242 eum

428 3295 629 3360 Brocardum
640 3346 649 3378 ,
681 3294 824 3360 nonnulli
846 3292 1047 3357 Boreardum
1068 3293 1292 3358 Borehardum
1314 3295 1541 3380 Borghardurn
1562 3294 1767 3381 Burgardum
1796 3294 1970 3373 nominent,
1992 3314 2095 3373 nemo,

426 3434 488 3475 uno
511 3410 644 3477 Canisio
666 3421 812 3498 excepto,
836 3410 967 3498 plenum
989 3410 1056 3473 eius
1078 3431 1193 3474 nomen
1216 3413 1311 3494 norit,
1334 3414 1507 3497 agnomine
1529 3418 1565 3473 aa
1585 3417 1688 3473 Monta
1702 3414 1774 3472 Sion
1796 3409 1838 3473 ab
1861 3408 2007 3474 omnibus
2030 3410 2096 3473 sere¹

427 3528 569 3593 omisso?
592 3527 686 3608 Quod
708 3527 893 3592 addendum
915 3549 986 3591 esse
1009 3525 1103 3590 docet
1124 3525 1260 3612 epistola
1285 3525 1496 3610 dedicatoria,
1518 3528 1623 3593 tribus
1644 3526 1946 3592 vratislavicnsibus
1962 3527 2097 3611 aliisque

428 3643 569 3708 eiusdem
592 3667 664 3707 eum
684 3642 923 3708 vratislaviensi
943 3642 1071 3728 generis
1095 3642 1260 3707 codicibus
1282 3653 1471 3730 praemissa,
1496 3667 1580 3732 quae
1602 3645 1717 3731 incipit
1739 3666 1759 3708 a
1780 3642 1903 3707 verbis:

593 3763 705 3821 Fratri
726 3765 907 3821 Burchardo
929 3763 960 3819 in
983 3763 1170 3838 alaydeoarp
1191 3763 1305 3820 Frater
1325 3765 1525 3821 Burcliardus
1547 3766 1582 3821 da
1604 3766 1705 3822 ..ilonte
1727 3764 1808 3824 Sion.

552 3873 750 3961 Scriptorem
773 3886 917 3940 nostrum
941 3896 1021 3937 cave
1041 3896 1092 3955 ne,
1115 3866 1203 3938 sieut'
1219 3874 1275 3938 alii
1297 3876 1451 3956 fecerunt,
1475 3874 1651 3941 confundas
1674 3875 1725 3940 vel
1741 3897 1811 3940 cum
1830 3872 2021 3938 Burchardo
2036 3874 2097 3936 Ar·

428 3991 617 4072 gentinensi,
640 3992 729 4054 ouius
750 3991 837 4077 quod
858 4003 959 4054 restat
979 3990 1196 4075 fragmentum
1215 3991 1247 4053 in
1272 3990 1415 4077 Serapeo
1426 3998 1454 4067 1)
1476 3991 1676 4072 excudimus,
1698 3989 1749 4054 rel
1772 4013 1843 4053 omn
1867 3988 2097 4052 Bonarentura

428 4103 600 4187 Brocardo,
623 4107 678 4190 qui
698 4106 805 4170 seculo
828 4106 925 4170 XVII
946 4104 1164 4169 Palaestinam
1187 4105 1275 4173 obiit.
1327 4101 1330 4109 ’

550 4222 733 4308 Agnomine
754 4221 810 4285 illo
829 4244 849 4285 a
870 4231 976 4284 monte
998 4220 1080 4284 Zion
1101 4222 1239 4307 repetito
1262 4221 1411 4288 Oudinus
1433 4221 1657 4287 Burchardum
1688 4244 1759 4285 eam
1787 4219 1827 4283 ob
1851 4242 1981 4284 eausam
2005 4243 2096 4283 usum

429 4359 499 4400 esse
520 4339 667 4418 coniecit,
689 4337 797 4424 „quod
818 4336 939 4400 ibidem
953 4335 1115 4421 prolixam
1133 4337 1245 4401 feeerit
1260 4339 1413 4402 rnoranr“.
1456 4338 1552 4418 Quod
1568 4361 1630 4424 quo
1645 4341 1714 4401 iure
1733 4346 1853 4400 statuat
1871 4337 1997 4417 neseio;
2019 4335 2098 4399 mihi

429 4452 556 4536 <peridem
582 4454 699 4517 suffieit
721 4455 867 4517 conferre
889 4475 962 4516 cum
984 4453 1155 4538 agnomine
1177 4452 1231 4517 illo
1254 4456 1385 4518 nomina
1407 4454 1517 4521 Caroli
1548 4477 1568 4517 a
1592 4453 1711 4517 Sancto
1733 4451 1836 4516 Paulo
1858 4461 1889 4515 et
1910 4450 2098 4516 Emanuslis

428 4567 468 4633 de
487 4568 598 4634 Monte
621 4569 751 4651 Oliveti,
774 4592 909 4655 quorum
937 4578 969 4632 et
994 4568 1063 4649 hio,
1099 4569 1153 4651 qui
1183 4570 1217 4631 in
1245 4570 1358 4635 eadem
1389 4593 1460 4635 cunr
1482 4570 1674 4635 Burchardo
1698 4570 1786 4632 vitae
1817 4569 1953 4632 statione
1975 4569 2099 4653 positus

428 4684 569 4766 „Lector
585 4685 782 4770 Theologiae
804 4696 837 4750 et
852 4685 1019 4750 Diffinitor
1041 4683 1165 4748 ordinis
1184 4684 1215 4748 S.
1233 4685 1423 4751 Francisei“
1445 4699 1524 4770 erat,
1546 4700 1577 4751 et
1589 4686 1643 4752 ille
1657 4686 1787 4751 nomina
1805 4707 1862 4747 sua
1876 4683 2010 4768 gentilia
2027 4707 2099 4749 cum

426 4803 614 4865 monasticis
640 4801 867 4886 agnominibus
897 4809 1112 4865 commutasse
1139 4800 1276 4866 ridetur.
1319 4804 1432 4888 Itaque
1453 4806 1498 4869 uti
1524 4803 1660 4871 Carolus
1683 4825 1702 4865 a
1725 4801 1758 4866 S.
1782 4800 1884 4864 Paulo
1911 4803 2001 4886 prius
2024 4800 2101 4864 Via·

428 4913 492 4979 lart
511 4916 749 4999 nominabatur,
769 4916 997 4982 Burchardum
1019 4939 1147 5003 quoque
1168 4917 1232 4982 alio
1252 4921 1402 5004 primitus
1417 4922 1546 4984 nomine
1561 4919 1673 5005 gentili
1688 4940 1782 4982 usum
1797 4938 1868 4980 esse
1887 4917 2099 5002 suspicamur.

552 5032 763 5097 Burchardns
786 5033 836 5097 bis
860 5033 904 5109 (id
927 5032 1014 5120 quod
1033 5054 1144 5098 omnes
1165 5037 1294 5100 omnino
1316 5035 1457 5100 editores
1478 5038 1579 5121 fugit,
1609 5057 1666 5098 nos
1689 5034 1774 5097 infra
1802 5031 1949 5118 pluribus
1972 5032 2098 5097 demon·

429 5146 614 5224 strabimus)
638 5148 678 5213 de
698 5159 786 5213 terra
808 5160 921 5219 sancta
943 5148 1091 5234 scripsit:
1123 5151 1261 5236 primum
1284 5154 1456 5237 privatim,
1478 5151 1649 5239 epistolam
1671 5172 1743 5214 curn
1765 5148 1893 5228 tabida,
1916 5170 2014 5234 quarn
2037 5148 2103 5235 pel·

427 5259 490 5325 lem
517 5262 615 5344 dicit,
647 5265 867 5351 geographica
895 5264 1034 5345 addens,
1063 5264 1179 5330 deinde
1208 5265 1348 5352 publice.
1395 5269 1540 5333 Priorem
1569 5280 1677 5332 textus
1699 5265 1917 5330 recensionem
1942 5266 2104 5350 expressit

429 5377 590 5460 CanisiuS,
613 5381 704 5444 euius
725 5380 824 5445 editio
846 5380 915 5463 hos,
939 5382 982 5446 ad
1004 5404 1083 5467 quos
1106 5380 1265 5455 attendas,
1287 5383 1375 5449 loeos
1397 5387 1551 5449 eontinet:

553 5496 718 5560 Priorem:

595 5615 699 5674 Distat
721 5625 817 5674 autem
839 5616 876 5674 ab
893 5617 992 5675 Accon
1011 5614 1197 5692 (Nazareth)
1215 5638 1274 5694 per
1296 5629 1405 5695 septem
1425 5623 1535 5678 leucas.
1579 5620 1667 5685 Quod
1687 5618 1820 5693 spacium
1847 5618 1948 5674 meiius
1966 5617 2103 5674 estimare

590 5732 686 5806 potui,
715 5732 785 5808 qaia
806 5733 904 5808 sepius
927 5733 997 5792 illuc
1015 5735 1213 5810 pertransisti.
1251 5736 1376 5794 Videtur
1397 5737 1485 5795 rniclei
1506 5756 1567 5794 casa
1587 5737 1663 5793 sicut
1679 5735 1713 5791 dc
1729 5734 1915 5809 itlapdeburp
1931 5735 1961 5790 in
1975 5732 2105 5806 Burbop.

444 5895 475 5901 —-
482 5895 713 5905 ——---—--.--
717 5899 770 5905 ῳ.-

529 5991 551 6058 *)
572 5988 606 6045 V,
626 5989 776 6060 Serapeum
796 5995 867 6046 lass.
887 5991 938 6045 No.
959 5997 997 6046 10.
1017 6007 1044 6060 p.
1065 5997 1112 6047 145
1132 6010 1191 6064 sqq.
