5334 6975
1295 627 1352 686 10⁴

478 806 566 870 loen
586 800 748 866 Besieken
775 809 850 869 1506
870 803 903 866 in
926 809 953 867 4.
991 801 1084 882 Quae
1105 802 1203 867 editio
1226 802 1331 866 Paris.
1354 803 1388 865 in
1409 801 1487 886 Reg.
1511 801 1551 865 D.
1568 808 1657 868 1554.
1693 800 1759 864 Sed
1781 811 1812 864 et
1826 801 1949 888 prodiit
1965 801 2087 888 pluries
2102 825 2157 889 po·

480 919 580 984 stea.“
624 917 796 982 Caeterum
824 928 932 982 censet
954 917 1069 998 Qnetif
1086 942 1116 981 v.
1137 917 1269 981 Eehard
1290 917 1461 982 Ricoldnm
1485 917 1678 980 Alceranuin
1699 939 1762 980 non
1784 919 1954 1001 integrum,
1984 939 2067 1004 qnae
2090 927 2159 981 erat

480 1035 661 1100 l'eeciantii
690 1035 863 1114 sententia,
896 1033 953 1098 sed
981 1056 1022 1098 ex
1051 1044 1145 1120 parte
1174 1043 1298 1096 tantum
1325 1033 1442 1096 Latine
1469 1031 1667 1114 reddidisse,
1704 1045 1734 1095 et
1761 1037 1902 1112 epistolas
1936 1040 1977 1094 ml
2006 1039 2158 1096 ecclesiam

481 1157 707 1231 triumphantem
736 1153 767 1209 in
795 1153 934 1228 suspiriis
967 1157 1066 1211 amari
1092 1153 1185 1211 animi
1214 1148 1392 1235 scripsisse.
1436 1149 1611 1212 Praeterea
1640 1147 1783 1212 eiusdem
1805 1153 1935 1211 Libellus
1961 1157 2002 1210 all
2022 1155 2158 1212 nationes

481 1275 639 1330 orientales
662 1272 697 1327 cle
717 1270 887 1326 cliscm'mine
909 1273 987 1326 inter
1009 1271 1146 1340 Iudaeos,
1164 1269 1290 1344 pentiles
1312 1277 1340 1324 et
1364 1270 1605 1341 illeliumetanes,
1629 1275 1777 1329 servatus
1799 1264 1889 1350 apud
1911 1265 2068 1329 Sanctam
2089 1265 2157 1330 Ma-

479 1386 562 1448 riam
582 1380 752 1446 Nouellum
776 1379 916 1459 Quetifio
936 1403 968 1442 v.
989 1379 1141 1444 Echardo
1163 1392 1245 1444 teste
1266 1378 1417 1444 landatur
1440 1403 1459 1442 a
1482 1379 1678 1443 Poeeinntie.
1738 1384 2050 1464 11(Ἰινίειίιυιηι,ήᾱυὶ
2092 1405 2158 1442 con·

473 1507 570 1576 sessio
598 1505 689 1572 saeta
716 1501 880 1558 Saracenis
903 1503 957 1576 pia
985 1509 1011 1558 et
1041 1501 1177 1574 spiritum
1209 1500 1398 1574 apostolicum
1428 1502 1561 1556 redolens
1584 1519 1625 1559 ex
1647 1495 1730 1581 style
1753 1495 1888 1582 aliisque
1910 1497 2092 1561 rationibus
2116 1496 2157 1562 ab

480 1615 603 1680 editore
623 1622 772 1678 censetur
801 1614 904 1676 nestri
925 1611 1051 1676 Ilicoldi
1081 1635 1104 1674 s
1125 1611 1270 1674 Ricardi.
1314 1611 1405 1674 Haec
1428 1611 1550 1696 prodiit
1573 1613 1604 1674 in
1628 1611 1815 1676 collectione
1838 1635 1936 1698 snlna
1959 1611 2092 1676 lundata
2115 1612 2158 1676 ad

480 1730 602 1796 calcem
635 1729 861 1793 confutationis
891 1727 972 1812 legis
1001 1729 1237 1791 Saracenorum
1269 1749 1286 1790 a
1317 1751 1348 1813 p.
1374 1733 1430 1794 tsi
1459 1726 1502 1790 ad
1527 1734 1591 1794 tte.
1656 1727 1786 1792 obiisse
1821 1727 1930 1792 dicunt
1970 1727 2158 1793 Florentiae

480 1845 600 1910 XXXI
629 1843 731 1909 octob.
758 1843 939 1909 Meeclx.
989 1843 1043 1908 Sic
1070 1843 1286 1922 Poeciantins,
1318 1842 1456 1906 fortasse
1485 1866 1525 1906 ex
1557 1843 1743 1928 nec-relegio
1772 1843 1912 1908 Sanctae
1940 1843 2066 1907 Mariae
2093 1844 2156 1910 Ne·

480 1961 599 2042 vellem
632 1983 728 2044 quem
753 1982 868 2045 nempe
898 1959 1005 2023 serum
1031 1982 1072 2022 ex
1106 1960 1228 2022 oriente
1257 1981 1276 2020 a
1309 1979 1433 2021 summo
1461 1958 1613 2044 pontifice
1641 1982 1695 2022 seu
1724 1959 1900 2024 Benedicta
1925 1960 1974 2024 XI
2000 1983 2057 2024 seu
2087 1961 2155 2026 Cle·

481 2088 586 2142 mente
608 2076 638 2140 V
659 2086 866 2158 revocatum,
893 2077 947 2162 qui
975 2073 1134 2160 quaedam
1166 2075 1254 2137 eirca
1280 2073 1376 2136 tidem
1409 2073 1537 2138 illarum
1557 2076 1722 2138 nationum
1746 2075 1846 2139 dubia
1868 2075 2081 2140 declararet.“

605 2193 667 2256 His
691 2194 760 2256 siue
782 2191 913 2272 Quetifii
940 2193 1009 2254 sive
1030 2189 1175 2254 Eelmrdi
1204 2189 1313 2252 verbis
1344 2212 1362 2253 a
1389 2189 1484 2253 nobis
1513 2193 1675 2277 excerptis
1705 2213 1744 2255 ea
1772 2193 1868 2254 etiam
1891 2190 2040 2256 addenda
2065 2192 2154 2257 duci-

480 2333 567 2390 nluS,
596 2306 854 2394 quse-Rieoldus
879 2308 951 2392 ipse
984 2308 1018 2370 in
1050 2307 1151 2392 praef.
1180 2310 1241 2388 §2
1268 2307 1407 2391 prefert:
1440 2329 1502 2368 sese
1530 2311 1635 2386 lonqas
1657 2323 1683 2369 ct
1710 2311 1874 2368 laboriosas
1891 2313 2155 2388 pereprinaciones

481 2429 683 2504 tironensem,
705 2447 791 2504 quum
813 2429 910 2485 adliuc
930 2427 1076 2484 secularis
1098 2426 1237 2498 extiterit,
1261 2435 1294 2481 ut
1313 2427 1480 2483 addisceret
1501 2426 1568 2482 illas
1590 2429 1738 2484 seculares
1759 2427 1918 2505 seleucias,
1949 2447 2023 2506 quas
2046 2429 2153 2487 libera·

480 2549 519 2602 tes·
548 2546 708 2620 appellent.
752 2538 803 2604 Of.
833 2541 930 2602 etiam
952 2537 991 2600 Τ.
1015 2535 1146 2601 Tableri
1175 2536 1424 2622 topographiam
1454 2536 1615 2601 Hieresel.
1644 2540 1714 2625 Ip.
1737 2539 1860 2603 XXVI.
1904 2538 2155 2604 Tirebesehium

481 2657 526 2721 n'
548 2681 578 2744 p.
605 2665 661 2724 tua
685 2677 733 2739 sq.
776 2653 907 2718 Gudeni
930 2652 1077 2738 syllogen
1098 2664 1292 2716 monument.
1314 2675 1344 2738 p.
1368 2655 1438 2718 353.
1481 2652 1595 2717 Valete.
1626 2669 1656 2718 et
1678 2654 1843 2742 veluptate
1864 2655 1987 2738 eadem,
2009 2678 2073 2742 qua
2095 2679 2153 2721 nos

481 2773 729 2859 descripsiinuS,
751 2770 849 2855 legite
872 2767 1023 2832 libellum.
