5334 6975
840 1888 1130 1966 PRAEFATIO
1157 1888 1418 1965 EDlTlONlS
1445 1892 1654 1968 PRIORIS.

533 2154 720 2220 Wilbrandi
741 2155 950 2233 itinerarium,
973 2156 1121 2240 quamvis
1142 2166 1290 2233 extrema
1312 2166 1407 2242 parte
1428 2159 1621 2239 mutilatum,
1643 2167 1678 2221 ut
1700 2157 1879 2239 ederemus,
1902 2157 2084 2244 complures

408 2295 469 2339 nos
489 2271 696 2337 adduxerunt
716 2273 868 2336 rationes.
910 2272 1041 2335 Etenim
1063 2294 1161 2356 quum
1182 2270 1403 2338 illustrissima
1424 2276 1594 2362 scriptoris
1617 2275 1758 2359 origine,
1787 2284 1856 2337 tum
1882 2274 1985 2359 ipsius
2008 2273 2084 2339 libri

409 2391 513 2477 pretio
534 2389 650 2452 iterum
672 2388 852 2473 iterumque
873 2387 1100 2468 monebamur,
1122 2395 1158 2451 ut
1179 2388 1317 2473 spissas,
1341 2389 1459 2474 quibus
1480 2392 1543 2454 viri
1566 2400 1598 2454 et
1618 2390 1776 2454 memoria
1797 2375 2004 2475 et'scriptum
2026 2391 2084 2453 im·

409 2506 523 2570 merito
544 2501 685 2568 obducta
706 2503 866 2586 iacebant,
886 2503 1038 2568 tenebras
1062 2501 1236 2588 dispellere
1258 2503 1472 2570 studeremus.
1516 2505 1670 2570 Nicolaus
1693 2505 1901 2569 Sehatenius:
1932 2508 2087 2583 „Totum‘b

409 2621 529 2705 inquit,
558 2622 635 2696 „iter
655 2642 737 2680 nuum
763 2624 981 2682 Willedrandue
1003 2625 1144 2698 eleganti,
1171 2634 1203 2679 ut
1225 2631 1285 2681 tum
1304 2626 1444 2695 ferebant
1466 2634 1616 2700 tempora,
1645 2624 1822 2682 narratione
1844 2626 2011 2699 complexus
2032 2632 2085 2685 eet.

409 2742 468 2800 Seu
495 2758 573 2796 nrcnr
601 2741 661 2795 eiua
691 2738 856 2797 dor-trinam
884 2759 921 2797 ea
948 2739 1066 2797 erudita
1094 2738 1150 2795 due
1172 2738 1386 2814 lucubratione,
1406 2760 1457 2798 ren
1478 2740 1572 2816 ruer-qia
1594 2740 1762 2816 religionem
1779 2743 1976 2815 pietatemque
1998 2738 2086 2797 aeeti-

408 2876 491 2915 mure
512 2857 588 2925 libet,
609 2853 722 2912 illustre
742 2874 816 2913 eane
834 2854 956 2912 virtutis
975 2852 1185 2929 doctrinaeque
1206 2859 1353 2928 ..specimen
1375 2876 1413 2913 ea
1431 2856 1558 2932 prriuata
1582 2854 1720 2913 canonici
1741 2853 1804 2911 uita
1827 2852 1937 2913 dedit.“
1972 2850 2084 2936 Neque

409 2967 592 3053 negabitur,
614 2965 801 3030 Wilbrandi
821 2966 1115 3053 peregrinationem
1137 2987 1219 3051 puro
1242 2964 1418 3031 admodum
1440 2966 1609 3053 nitidoque
1632 2988 1779 3031 sermone
1795 2975 1989 3048 enarratam,
2010 2988 2083 3052 geo·

409 3082 546 3169 graphis
569 3085 693 3167 pariter
715 3092 811 3169 atque
832 3082 997 3146 historicis
1019 3090 1050 3144 et
1071 3082 1143 3145 usui
1165 3081 1251 3162 fore,
1281 3082 1411 3166 suisque
1433 3082 1540 3147 adhuc
1560 3082 1720 3147 fructibus
1741 3082 1896 3146 caruisse.
1940 3080 2085 3168 Geogra·

410 3199 508 3286 phiea
529 3200 612 3263 enim
635 3198 733 3262 medii
755 3198 838 3279 aevi,
861 3197 995 3262 Ciliciae
1017 3197 1196 3282 imprimis,
1226 3198 1368 3282 cognitio
1387 3221 1451 3262 non
1473 3199 1587 3284 paucis
1611 3220 1631 3261 a
1652 3195 1848 3261 Wilbrando
1870 3208 2007 3282 augetur
2028 3220 2084 3263 no·

410 3314 569 3395 minibus3
597 3314 750 3378 Austriae
772 3314 934 3377 historicis
957 3310 1197 3398 Leopoldorum
1224 3314 1308 3376 sexti
1338 3323 1370 3376 et
1391 3315 1521 3399 septimi
1542 3335 1594 3376 res
1615 3322 1725 3397 gestas
1751 3312 1793 3376 ab
1815 3333 1852 3376 eo
1876 3322 2084 3395 memoratae,

411 3430 582 3519 philologis
604 3440 700 3516 perta
718 3428 899 3494 Alexandri
919 3428 962 3494 M.
983 3427 1098 3492 librol
1120 3449 1191 3514 cap.
1207 3427 1323 3493 XVlII
1345 3430 1528 3494 accuratius
1549 3428 1723 3515 descripta,
1745 3427 1909 3493 literariae
1929 3426 2085 3494 historiae

411 3546 625 3634 scriptoribus
654 3547 858 3611 narrationes
887 3545 928 3610 de
956 3544 1128 3631 Apollonio
1160 3544 1262 3631 Tyrio
1291 3554 1322 3609 et
1356 3545 1397 3608 de
1418 3544 1575 3630 Virgilio,
1601 3566 1682 3628 quas
1710 3545 1841 3630 attingit
1860 3543 2085 3629 Wilbrandus,

411 3665 527 3728 merito
558 3662 676 3727 debent
705 3661 931 3726 commendari.
974 3661 1012 3724 In
1044 3660 1242 3726 recensendo
1273 3659 1334 3725 hoc
1362 3663 1529 3726 itinerario
1557 3671 1687 3747 praeter
1709 3661 1883 3724 editionem
1905 3663 2086 3748 principem

411 3781 488 3845 anni
506 3778 683 3844 MDCLlll
706 3779 751 3841 uti
774 3777 869 3841 nobls
891 3778 1028 3861 contigit
1054 3778 1262 3863 apographo,
1288 3777 1377 3862 quod
1399 3777 1533 3863 Georgii
1554 3779 1676 3842 Pertzii
1699 3777 1891 3841 humanitati
1916 3789 2086 3864 acceptum

410 3898 594 3976 referimus,
617 3892 828 3974 berolinensi,
852 3892 958 3957 seculo
975 3892 1073 3957 XVII
1094 3892 1220 3957 duabus
1242 3893 1393 3958 manibus
1414 3896 1597 3981 conscripto
1619 3895 1780 3979 ductoque
1796 3916 1837 3957 ex
1856 3892 1969 3958 eodem
1986 3894 2085 3974 sonte,

410 4013 495 4079 unde
514 4012 633 4076 Leonis
654 4008 765 4072 Allatii
796 4010 865 4072 sive
886 4008 1036 4073 Bartoldi
1059 4009 1187 4074 Nihusii
1208 4009 1333 4085 (Allatii
1358 4012 1547 4090 Συμαίκτοις
1570 4009 1816 4096 comprehensa)
1845 4008 1941 4072 editio
1973 4030 2081 4072 mana-

412 4132 468 4194 vit.
510 4128 563 4191 De
586 4149 644 4190 suo
667 4124 751 4189 libro
774 4128 995 4209 manuscripto
1017 4125 1098 4189 haec
1119 4125 1198 4189 dicit
1218 4124 1375 4189 Allatius:
1407 4123 1645 4206 „Willebrandi
1675 4126 1803 4208 copiam
1835 4124 1911 4187 fecit
1932 4124 2012 4188 mihi
2033 4147 2083 4188 re·

411 4268 482 4310 rum
501 4243 616 4306 harum
638 4242 853 4328 peritissimus
874 4240 980 4304 Lucas
1001 4240 1206 4322 Holstenius,
1237 4262 1331 4325 quem
1363 4263 1403 4304 ex
1423 4239 1626 4304 Bibliotheca
1646 4240 1794 4304 Puteana
1819 4238 1994 4321 habuerat,
2027 4240 2083 4304 de·
2195 4307 2199 4316 ,

413 4362 568 4445 scriptum
594 4381 634 4421 ex
656 4364 781 4420 vetusto
802 4357 1023 4442 manuscripto
1041 4356 1218 4419 Branensis
1243 4357 1430 4420 monasterii
1449 4378 1551 4443 prope
1571 4355 1808 4419 Suessionem.“
1837 4353 1937 4418 Cuius
1959 4356 2082 4421 codicis

411 4473 589 4561 exemplar,
616 4473 725 4538 seculo
748 4473 828 4537 XVI
859 4483 984 4554 ortum,
1011 4473 1148 4537 Parisiis
1181 4473 1345 4536 asservari
1376 4471 1502 4535 dicitur.
1543 4470 1631 4544 (Vid.
1657 4472 1753 4535 Pcrtz
1783 4468 1908 4537 Archiv
1930 4471 1999 4537 VII.
2022 4478 2084 4551 45.)

410 4591 645 4680 Apographon,
669 4589 754 4676 quod
777 4588 980 4670 contulimus,
1002 4586 1205 4652 berolinense
1226 4587 1415 4671 insignitum
1436 4597 1499 4650 est:
1521 4585 1581 4648 llls.
1605 4584 1699 4649 Diez.
1722 4585 1759 4652 C.
1781 4585 1852 4650 Fol.
1875 4594 1925 4656 60.
1965 4589 2032 4653 Nos
2055 4590 2084 4654 ei

409 4720 520 4773 notam
541 4708 569 4771 Β
590 4706 749 4770 dedimus.

533 4822 704 4887 Dabamus
726 4819 910 4905 Hamburgi
930 4818 1091 4883 Paschate
1112 4841 1139 4884 a.
1161 4817 1454 4884 MDCCCLVlIlI.
