5334 6975
1335 670 1392 742 182

493 866 558 926 tet
577 856 636 921 tali
658 855 699 920 de
721 876 820 919 causa
841 852 907 917 illic
929 853 989 918 fuit
1011 853 1179 919 collocata.
1223 856 1351 920 lnuisor
1374 858 1516 922 omnium
1545 857 1703 921 bonorum
1726 857 1876 924 diabolus
1899 832 2029 924 colonos
2056 870 2087 922 et
2108 858 2202 922 inha-

525 972 683 1037 bitatores
706 970 800 1034 huius
821 980 906 1034 terre
926 979 1018 1034 tanta
1041 969 1207 1035 infestauit
1227 970 1367 1053 malicia,
1391 982 1426 1036 ut
1448 994 1585 1058 corpora
1605 994 1736 1036 suorum
1758 984 1975 1054 mortuorum,
2002 994 2065 1057 que
2085 971 2126 1036 de
2147 972 2202 1036 die

525 1089 622 1154 humo
649 1089 886 1174 imposuerant,
916 1096 1011 1150 nocte
1041 1084 1081 1149 de
1114 1085 1272 1173 sepulcris
1301 1087 1453 1153 euelleret
1482 1098 1514 1151 et
1535 1086 1579 1151 ad
1600 1086 1781 1173 penetralia
1803 1112 1933 1154 suorum
1957 1089 2129 1153 charorum
2144 1090 2200 1163 ¹³⁹)

491 1192 715 1309 groportaret.
759 1199 853 1265 Unde
882 1202 947 1288 ipsi
975 1201 1127 1286 indigene
1155 1212 1301 1267 mortuos
1332 1225 1409 1268 suos
1435 1225 1501 1267 non
1528 1213 1681 1290 poterant
1708 1203 1855 1291 sepelire.
1898 1203 2046 1284 Quorum
2075 1203 2203 1267 cladem

525 1319 665 1400 Helena,
689 1318 896 1384 Constantini
922 1327 1040 1398 mater,
1067 1316 1133 1381 illic
1155 1327 1222 1381 tum
1246 1319 1431 1404 imperans,
1452 1329 1501 1382 est
1523 1320 1693 1400 miserata,
1715 1330 1747 1383 et
1769 1318 1905 1383 eandem
1928 1341 2073 1400 crucem,
2103 1342 2203 1406 quam

525 1438 700 1521 integram,
729 1435 813 1498 sicut
840 1431 937 1498 hodie
966 1444 1029 1514 est,
1061 1455 1081 1497 a
1100 1432 1331 1519 Hierosolyma
1353 1456 1461 1498 secum
1484 1418 1722 1520 apportauit⁸),
1751 1437 1785 1498 in
1806 1434 1953 1521 predicto
1975 1446 2082 1500 monte
2105 1434 2202 1501 collo-

526 1553 622 1632 cauit,
643 1558 676 1614 et
698 1550 744 1613 sic
767 1571 831 1614 non
852 1547 956 1612 solum
976 1547 1048 1613 illos
1071 1549 1180 1614 hostes
1205 1548 1366 1635 malignos
1389 1559 1527 1630 eterra,
1549 1572 1661 1613 uerum
1683 1551 1786 1614 eciam
1806 1549 1848 1613 sb
1870 1550 2023 1615 inferiore
2038 1561 2123 1630 aere,
2146 1552 2203 1637 qui

526 1688 637 1731 carcer
658 1665 830 1729 demonum
852 1673 995 1750 putatur,
1019 1675 1167 1750 potenter
1189 1664 1322 1751 expulit,
1345 1687 1383 1729 ac
1404 1666 1432 1729 si
1454 1663 1576 1729 diceret
1595 1664 1676 1729 illud
1698 1664 1832 1729 uerbum
1853 1665 2077 1730 Dominicum:
2108 1671 2204 1729 Sinite

479 1802 508 1852 ιο
525 1793 654 1843 mortuos
675 1786 798 1859 sepelire
819 1791 949 1841 mortuos
968 1802 1037 1840 suos
1053 1781 1116 1857 ¹⁸⁰).
1159 1780 1203 1844 Et
1224 1782 1270 1844 sie
1292 1779 1367 1862 „ille
1390 1779 1491 1845 hostis
1506 1782 1667 1866 antiquus,
1691 1783 1746 1867 qui
1764 1782 1798 1844 in
1812 1780 1901 1867 ligno
1919 1782 2080 1864 uincebat,
2103 1782 2202 1859 istob)

528 1919 654 1983 quoque
676 1894 897 1960 uincebatur“.

496 2049 507 2098 1
651 2044 776 2109 XXXI.
819 2044 871 2108 Ab
899 2043 960 2107 hoo
982 2056 1090 2108 monte
1109 2044 1248 2109 uidimus
1271 2050 1409 2125 Peplos,
1436 2068 1498 2130 que
1520 2048 1624 2110 eciam
1647 2049 1709 2111 sita
1732 2067 1829 2132 super
1853 2051 1972 2120 mare⁰l
1993 2045 2091 2110 habet
2111 2048 2146 2110 in
2169 2069 2204 2111 se

494 2175 509 2225 2
529 2161 702 2227 secundam
725 2160 833 2225 sedem
854 2158 1072 2246 episcopalem
1095 2160 1333 2246 suffraganeam
1356 2160 1478 2225 domini
1497 2163 1698 2227 nicosiensis.
1741 2160 1784 2225 Et
1806 2171 1855 2224 est
1877 2161 1993 2224 ciuitas
2015 2184 2135 2248 parua,
2168 2165 2203 2227 in

528 2302 592 2367 qua
614 2276 710 2341 bodie
732 2285 929 2341 monstratur
950 2278 1050 2339 turris
1072 2275 1137 2356 illa,
1161 2299 1258 2364 super
1280 2299 1376 2363 quam
1399 2277 1489 2361 apud
1512 2277 1681 2362 gentilium
1703 2299 1829 2342 errores
1851 2275 1962 2341 Uenus
1983 2300 2002 2341 a
2025 2280 2092 2340 suis
2116 2299 2203 2341 ama·

526 2393 649 2461 toribus
670 2391 845 2457 colebatur.
1891 2393 1895 2399 ’

493 2548 509 2598 3
651 2542 732 2607 Inde
760 2541 1020 2628 peregrinatione
1051 2549 1162 2604 nostra
1186 2540 1335 2605 absoluta
1357 2564 1469 2605 versus
1490 2547 1701 2620 Parnaqucam
1728 2539 1965 2620 laborauimus,
1996 2550 2027 2604 et
2049 2542 2127 2627 quia
2149 2562 2204 2627 pe-

526 2659 610 2724 dites
638 2660 846 2738 incessimus,
875 2658 985 2720 asinos
1016 2655 1196 2720 conducere
1216 2679 1283 2743 ,pre
1315 2656 1506 2721 lassitudine
1530 2655 1742 2741 cogebamur,
1772 2666 1803 2719 et
1826 2658 1859 2718 in
1882 2658 1928 2719 eis
1949 2658 2033 2720 sieut
2054 2658 2089 2719 in
2111 2659 2204 2741 equis

493 2773 665 2839 sfortibus
698 2773 880 2837 discurrere
912 2770 1117 2858 putabamus.
1161 2771 1254 2836 Tunc
1281 2772 1412 2858 quidam
1440 2763 1602 2853 nostrum,
1636 2794 1729 2857 quem
1758 2772 1925 2836 nominare
1952 2793 2017 2835 non
2037 2794 2203 2859 presumo,

527 2913 623 2977 quem
646 2891 748 2953 eciam
769 2886 921 2970 „fecundi
945 2885 1061 2950 calices
1083 2887 1178 2949 nimis
1199 2887 1344 2952 fecerant
1366 2887 1544 2951 disertum“
1557 2890 1623 2968 ¹⁸¹),
1646 2910 1719 2952 cum
1737 2890 1882 2975 equitare
1903 2898 2041 2973 putaret,
2063 2888 2203 2974 pedibus

527 3008 593 3070 suis
615 3008 649 3070 in
671 3004 802 3068 diuersa
821 3001 1027 3067 tendentibus
1048 3001 1089 3065 de
1110 3002 1202 3066 asino
1224 3003 1357 3085 cecidit,
1387 3015 1418 3068 et
1448 3004 1524 3069 dum
1546 3025 1679 3088 surgere
1699 3001 1881 3080 laboraret,
1909 3001 2032 3089 aliquot
2052 3005 2138 3067 ictus
2161 3004 2203 3068 ab

494 3091 599 3208 gipso
623 3123 713 3185 asino
736 3121 868 3206 recepit
903 3118 1032 3183 Etiam
1058 3140 1171 3182 uersus
1193 3118 1322 3184 Silenus
1345 3119 1433 3184 calce
1454 3120 1569 3183 feritur
1591 3117 1698 3184 aselli!
1723 3117 1790 3198 Qui
1811 3129 1919 3183 tamen
1944 3141 2071 3183 omnem
2091 3142 2203 3184 casum

526 3259 619 3301 suum
641 3238 716 3301 uino
739 3235 933 3322 imputabat,
956 3256 1028 3298 cum
1050 3236 1163 3321 pocius
1185 3233 1413 3300 documentum
1434 3234 1522 3299 istud
1544 3235 1677 3301 Catonis
1692 3235 1746 3311 ¹⁸²)
1771 3234 1947 3298 obseruare
1969 3233 2118 3299 deberet:

945 3387 1002 3462 Qui
1024 3397 1095 3467 potu
1116 3408 1231 3467 peccas,
1253 3387 1305 3446 tibi
1327 3396 1390 3447 tute
1413 3388 1564 3465 ignoscere
1584 3388 1660 3463 noli,

944 3486 1035 3546 Nulla
1057 3489 1165 3548 etenim
1185 3489 1246 3546 uini
1269 3487 1357 3566 eulpa
1377 3496 1429 3560 est,
1451 3485 1505 3546 sed
1529 3486 1615 3565 eulpa
1635 3485 1769 3546 bibentis.

495 3653 509 3703 7
652 3631 847 3696 Huiusmodi
867 3632 974 3714 homo,
996 3642 1031 3696 ut
1050 3643 1139 3719 puto,
1162 3632 1316 3720 deinceps
1337 3634 1556 3697 testimonium
1578 3631 1750 3719 perhibere
1770 3654 1834 3696 non
1856 3641 1969 3718 potest.

497 3789 507 3840 1
653 3779 796 3844 XXXII.
838 3779 926 3845 Hinc
947 3783 1093 3846 uenimus
1115 3785 1350 3862 Famapustcm,
1379 3803 1441 3868 que
1463 3792 1512 3845 est
1534 3781 1649 3845 ciuitas
1670 3781 1732 3844 sita
1751 3781 1843 3844 iuxta
1865 3803 1970 3862 mare,
1997 3791 2128 3866 portum
2149 3779 2204 3845 ha·

495 3897 607 3963 abens
637 3896 772 3978 bonum,
800 3919 864 3961 non
893 3896 1029 3962 multum
1059 3899 1190 3962 munite.
1234 3898 1272 3963 ln
1298 3921 1362 3984 qua
1393 3909 1441 3961 est
1462 3896 1555 3961 sedes
1576 3895 1773 3983 episcopalis
1802 3900 1897 3960 tertia
1919 3896 2126 3982 suffraganea
2150 3896 2204 3962 do·

527 4036 605 4077 m1n1
628 4035 829 4078 meosrensrs.

493 4177 508 4228 3
650 4163 747 4227 quta
769 4161 860 4226 illam
885 4163 948 4227 sita
971 4173 1020 4226 est
1042 4162 1181 4248 quedam
1204 4163 1320 4227 ciuitas
1345 4162 1526 4240 destructa,
1547 4161 1587 4226 de
1609 4183 1689 4248 qua,
1712 4172 1747 4224 ut
1767 4160 1877 4225 dicunt
1888 4210 1897 4242 ,
1926 4162 1988 4224 fuit
2009 4160 2125 4261 beatus
2150 4161 2203 4226 ille

526 4289 558 4342 et
579 4300 716 4363 magnus
736 4277 942 4364 Epiphanius
959 4277 1024 4360 ¹⁸³),
1047 4279 1138 4342 cuius
1163 4280 1318 4343 memoria
1337 4277 1474 4343 habetur
1494 4280 1527 4342 in
1551 4300 1674 4342 canone
1690 4278 1754 4354 ¹⁸⁴).

493 4439 509 4489 1
650 4425 702 4489 Ab
725 4425 786 4489 hac
808 4427 939 4490 ciuitate
958 4437 1034 4513 post
1053 4449 1175 4492 moram
1198 4430 1296 4492 trium
1318 4426 1606 4508 hebdomadarum,
1629 4426 1746 4511 quibus
1768 4436 1898 4490 uentum
1920 4426 2126 4491 commodum
2149 4450 2204 4492 ex·

527 4542 744 4629 pectauimus,
774 4540 847 4605 uela
877 4542 1045 4607 tendentes
1075 4544 1108 4607 in
1137 4542 1237 4608 altum
1265 4541 1366 4607 mult'o
1394 4542 1507 4607 labore
1535 4554 1567 4608 et
1589 4543 1623 4605 in
1644 4563 1763 4627 magna
1785 4551 1976 4627 tempestate
1998 4543 2031 4605 in
2054 4541 2204 4621 [Habion]

529 4679 639 4722 sumus
661 4677 795 4719 reuersi.

593 4823 620 4887 a)
638 4826 800 4956 ιιρρονίαέἶ1
810 4818 894 4875 BEd.
925 4819 966 4876 cf.
986 4820 1163 4891 scriptionem
1182 4822 1328 4877 obsentaret
1345 4821 1414 4893 prol.
1434 4842 1455 4876 s.
1474 4827 1489 4876 ³
1507 4839 1558 4892 pro
1576 4821 1728 4895 obscuram.
1748 4850 1779 4860 -
1798 4818 1826 4886 b)
1846 4821 1882 4873 ab
1900 4819 1951 4874 ello
1969 4819 2019 4873 nd.
2034 4850 2064 4859 -
2083 4825 2110 4884 c)
2130 4823 2204 4875 iactu

664 4918 739 4956 mare
802 4947 806 4956 .

592 5060 661 5130 179)
688 5059 729 5115 ud
757 5057 930 5133 penetralia
963 5076 1082 5116 suorum
1110 5060 1277 5135 clarorum]
1316 5060 1346 5118 in
1388 5057 1484 5118 undus
1513 5078 1577 5119 esse
1604 5059 1701 5118 fertur.
1745 5056 1805 5118 Sed
1834 5078 1899 5117 cum
1931 5056 2108 5116 Wilbrando
2140 5079 2206 5118 con·

527 5156 631 5225 domus
654 5175 762 5227 eorum,
784 5156 833 5235 qui
854 5157 975 5215 mortuis
998 5159 1070 5231 cari,
1091 5159 1248 5238 propinqui
1270 5167 1346 5219 sunt.
1389 5158 1478 5216 sentit
1495 5157 1818 5231 (Psend0·)Antoninus
1836 5156 1955 5236 llartyr,
1976 5156 2026 5234 qui
2047 5176 2115 5216 eum
2130 5156 2205 5217 Con·

521 5285 530 5298 ⁰
593 5283 660 5350 180)
691 5287 820 5336 mortuos
847 5279 925 5354 suos]
964 5278 1038 5337 Mira
1066 5300 1136 5340 sane
1165 5282 1248 5342 verbi
1277 5283 1347 5343 Iesu
1389 5259 1513 5316 ΜΝ
1534 5265 1634 5315 ¹¹⁸t¹¹m
1655 5255 1752 5317 millt-
1789 5256 1825 5315 V·
1849 5255 1905 5316 21
1926 5260 1988 5334 P·³
2013 5253 2059 5314 ⁰d·
2074 5254 2207 5315 T⁰blffl3

527 5376 599 5435 Luc,
620 5375 677 5435 IX,
701 5382 738 5437 60
761 5376 844 5436 relati
865 5378 1073 5456 interpretatio,
1392 5355 1507 5414 Ciuitas
1534 5356 1633 5432 igitur,
1660 5374 1736 5434 qnae
1765 5353 1813 5413 bic
1839 5354 1958 5427 dicitur,
1984 5357 2136 5412 destructa
2164 5364 2208 5414 est

593 5500 662 5569 181)
681 5498 805 5569 secundi
826 5532 866 5542 -
887 5498 1038 5575 fferam]
1065 5499 1167 5562 Hom,
1188 5502 1248 5583 Ep.
1272 5503 1296 5577 I,
1320 5511 1347 5566 5·
1389 5451 1571 5513 Constantia.

532 5603 583 5659 19:
611 5593 745 5655 Fecundi
768 5596 873 5656 calices
895 5618 983 5678 quem
997 5618 1057 5656 non
1073 5587 1169 5659 fecere
1186 5600 1348 5661 disertum?
1388 5651 1437 5731 plo
1465 5660 1509 5709 est
1534 5650 1628 5708 forma
1647 5651 1754 5709 misnae
1777 5649 1986 5728 Chrysostomo
2008 5647 2158 5727 maipa
2177 5649 2208 5707 in

594 5721 662 5790 182)
688 5715 817 5792 Galffll⁸l
838 5717 875 5780 V·
898 5719 1023 5780 dllfim
1044 5742 1071 5779 V·
1098 5726 1215 5803 ¹3⁰⁸q·
1388 5748 1572 5826 Euchologio
1606 5769 1712 5827 graeco
1740 5746 1841 5808 lacobi
1869 5746 1958 5807 Gosr.
1999 5746 2103 5807 Venet.
2130 5753 2207 5808 1730
2237 5730 2239 5733 ¹

594 5843 662 5913 183)
692 5836 797 5895 ciuitas
825 5870 862 5881 -
896 5844 1091 5920 npsplanius]
1124 5843 1250 5906 Sanctus
1278 5847 1349 5927 Epi·
1388 5845 1438 5906 fol.
1462 5850 1511 5921 58,
1531 5846 1580 5906 ubi
1601 5847 1710 5918 Basilii,
1732 5845 1874 5924 Gregorii,
1896 5846 2061 5919 Athanasii,
2083 5847 2207 5905 aliorum

529 5938 654 6017 phanins
675 5937 764 6014 vulgo
788 5936 1007 6020 Eleutheropoli
1029 5943 1060 6000 in
1081 5941 1192 6003 Iudaea
1217 5947 1272 6004 sita
1294 5948 1349 6005 ori·
1388 5945 1509 6005 nomina
1530 5948 1578 6025 pie
1598 5955 1792 6005 recensentur.

1454 5556 1523 5624 184)
1544 5552 1575 5609 in
1598 5551 1718 5627 canone]
1738 5552 1768 5609 in
1790 5551 1921 5609 cretione
1942 5549 2061 5608 missali.
2099 5549 2207 5609 Erem-
