5334 6975
1285 677 1340 737 129

478 856 656 941 supposita.
712 855 835 919 Errant
864 858 967 920 eciam
998 866 1154 940 negantes
1185 858 1408 941 purgatorium
1443 867 1476 919 ct
1505 853 1647 918 dicentes
1678 857 1797 936 eciam,
1828 854 1914 939 quod
1948 876 2007 918 nec
2039 857 2143 919 anime
2161 881 2193 932 36

479 969 729 1059 dampnatorum
758 970 956 1036 descendunt
985 969 1028 1034 ad
1054 971 1231 1053 infernum,
1262 993 1322 1035 nec
1352 973 1458 1034 anime
1481 969 1649 1035 beatorum
1678 972 1877 1056 recipiuntur
1898 972 1932 1034 in
1952 969 2143 1056 paradisum

477 1097 552 1151 ants
574 1085 660 1150 diem
682 1086 802 1150 iudicii.
845 1086 1018 1172 Baptisant
1040 1097 1147 1150 autem
1166 1088 1200 1150 in
1221 1087 1325 1151 forma
1348 1085 1537 1168 Grecorum,
1561 1088 1697 1151 scilicet:
1725 1087 1935 1172 „Baptisetur
1967 1097 2074 1150 autem
2096 1097 2142 1150 ta·
2161 1107 2192 1156 ar

477 1201 518 1266 lis
536 1204 569 1264 in
590 1203 718 1266 nomine
739 1201 846 1266 Patris
869 1211 928 1266 etc.
971 1200 1160 1265 Efficaciam
1189 1213 1220 1266 et
1246 1202 1477 1287 perfectionem
1507 1202 1663 1288 baptismi
1683 1213 1806 1288 ponunt
1832 1212 1864 1267 et
1883 1202 2018 1266 credunt
2040 1206 2141 1266 consi·
2161 1215 2193 1266 38

476 1325 561 1381 stere
581 1318 615 1380 in
635 1317 776 1402 quadam
796 1319 963 1400 vnctione,
995 1339 1094 1402 quarn
1114 1317 1237 1381 faciunt
1259 1316 1299 1380 de
1322 1316 1461 1403 quodam
1483 1317 1570 1400 oleo,
1606 1319 1646 1383 de
1668 1342 1730 1402 quo
1752 1318 1879 1400 dieunt,
1908 1317 1992 1405 quod
2016 1329 2143 1404 oportet

477 1431 676 1519 baptisatum
700 1432 839 1499 totaliter
858 1435 988 1519 inungi3
1012 1432 1128 1519 quodsi
1149 1434 1284 1496 minima
1306 1455 1384 1518 pars
1405 1436 1552 1519 eorporis
1572 1445 1753 1498 remaneret
1768 1436 1909 1514 inuncta,
1931 1433 2043 1497 dicunt
2057 1432 2143 1519 quod

476 1547 636 1634 dyabolus
659 1550 795 1612 intraret
817 1548 946 1614 ibidem.
991 1548 1200 1634 Baptisantes
1221 1559 1328 1611 autem
1350 1571 1415 1612 non
1436 1550 1598 1613 instruunt
1622 1549 1662 1613 de
1684 1549 1757 1631 fide,
1781 1572 1840 1614 nec
1861 1548 1957 1614 fidem
1979 1551 2123 1634 exigunt.
2162 1546 2193 1595 ³9

599 1666 653 1730 De
679 1665 870 1728 fermentato
903 1664 1075 1728 conficiunt
1103 1667 1311 1727 commixtam
1340 1687 1473 1749 pascam
1508 1688 1580 1729 curn
1611 1665 1688 1730 oleo.
1732 1666 1918 1730 lmmiscent
1939 1676 2046 1728 autem
2070 1688 2143 1730 curn
2162 1628 2194 1743 ii

477 1803 579 1868 pasca
607 1779 828 1844 consecranda
857 1779 954 1843 aliam
983 1778 1146 1867 quandam
1170 1801 1319 1865 pascam,
1349 1801 1446 1864 quam
1468 1793 1676 1862 conseruant,
1707 1804 1835 1868 semper
1862 1790 2082 1845 restamantes
2105 1780 2144 1844 de

477 1896 648 1984 pascam)
673 1889 759 1959 doua
791 1908 945 1981 quantum
974 1895 1014 1959 de
1043 1918 1081 1958 ea
1104 1897 1282 1981 accipiunt,
1313 1907 1343 1959 et
1372 1895 1499 1978 dicunt,
1531 1897 1617 1982 quod
1650 1908 1699 1960 est
1729 1897 1867 1983 quodam
1889 1919 1966 1982 pars
1998 1899 2144 1982 corporis

477 2011 609 2093 Christi,
631 2034 729 2098 quam
759 2022 952 2096 acceperant
981 2032 1001 2073 a
1031 2020 1141 2075 sancto
1164 2010 1306 2075 Iohanne
1334 2012 1551 2097 euangelista,
1583 2015 1636 2098 qui
1665 2015 1791 2098 accepit
1817 2014 1953 2076 incana
1981 2011 2144 2098 duplicem

476 2139 618 2215 partem:
640 2150 737 2191 vnam
759 2126 898 2191 comedit
916 2136 949 2190 et
970 2125 1106 2190 alteram
1128 2136 1254 2211 partem
1276 2128 1322 2190 eis
1346 2127 1446 2191 dedit.

599 2244 739 2308 Peccata
759 2265 824 2306 non
846 2242 1037 2306 confitentur
1059 2243 1122 2306 nisi
1145 2242 1235 2321 Deo,
1257 2264 1316 2306 nec
1338 2243 1371 2305 in
1392 2246 1461 2306 vita
1482 2266 1541 2307 nec
1563 2245 1597 2308 in
1619 2256 1729 2308 morte.
1772 2246 1841 2329 lpsi
1864 2246 1965 2307 eciam
1988 2244 2021 2305 in
2044 2244 2143 2329 parti·
2163 2206 2194 2322 i}

478 2357 539 2423 bus
561 2358 772 2423 orientalibus
785 2359 917 2422 iaciunt
940 2359 1227 2438 circumcisionem,
1250 2368 1281 2421 ct
1303 2358 1401 2443 (quod
1422 2363 1655 2423 monstruosius
1678 2366 1737 2435 est)
1758 2361 1939 2423 inuenimus
1955 2365 1988 2421 in
2004 2358 2168 2441 quadanr‘

477 2476 623 2556 ciuitate,
654 2497 715 2560 que
737 2483 871 2538 vocatur
891 2478 1011 2556 Herbe,
1040 2473 1125 2557 quod
1154 2475 1219 2560 ipsi
1249 2474 1524 2539 circumcidebant
1544 2498 1608 2540 non
1631 2474 1732 2539 solum
1760 2474 1933 2561 paruulos,
1965 2474 2145 2537 sedeciam

478 2590 638 2672 mulieres,
660 2600 691 2655 et
711 2589 786 2653 licet
806 2611 871 2653 non
896 2590 1095 2674 potuerimus
1117 2589 1199 2653 bene
1221 2589 1418 2676 intelligere,
1447 2592 1524 2677 quid
1545 2589 1741 2671 incidebant,
1763 2611 1823 2676 per
1844 2590 2013 2652 veritatem
2037 2601 2144 2653 tamen

478 2708 702 2792 comperimus
723 2705 809 2790 quod
831 2705 954 2791 puellas
977 2705 1260 2769 circumcidebant.

600 2837 840 2903 Eucharistiam
862 2837 951 2902 iham
973 2838 1025 2902 vel
1048 2838 1160 2924 pocius
1185 2859 1313 2923 panem,
1336 2860 1431 2923 quem
1455 2839 1565 2903 dicunt
1586 2860 1657 2903 esse
1679 2860 1797 2923 eorpus
1811 2836 1943 2917 Christi,
1966 2836 2044 2900 dant
2066 2839 2146 2901 viris
2165 2843 2197 2891 41

478 2964 509 3017 et
529 2953 716 3018 mulieribus
739 2964 770 3017 et
791 2955 900 3038 pueris
924 2953 1068 3040 paruulis
1095 2955 1129 3016 in
1151 2976 1281 3017 manum
1296 2955 1360 3029 ¹⁷³).
1405 2955 1495 3018 Dant
1513 2956 1616 3019 eciam
1640 2954 1828 3038 sanguinem
1854 2954 1921 3016 siue
1944 2953 2065 3018 vinum.
2108 2923 2197 3039 111Ῐὲ

477 3080 579 3133 morto
603 3069 723 3133 nullum
751 3071 988 3134 communicant
1019 3068 1071 3132 vel
1100 3070 1266 3153 inungunt.
1309 3068 1373 3133 Res
1404 3082 1609 3134 consecratas
1641 3068 1901 3142 disconsoerant‚
1933 3080 2012 3152 puta
2030 3091 2145 3155 panem
2165 3075 2196 3124 47

477 3182 682 3249 benedictum
703 3185 754 3250 vel
777 3208 903 3268 aquam,
925 3184 1054 3270 quando
1076 3184 1187 3248 volunt
1209 3206 1247 3248 ea
1267 3188 1422 3270 proicere.
1465 3185 1737 3250 Disconsocratur
1755 3183 1857 3247 altaro
1873 3204 1983 3246 eorum
2002 3199 2033 3246 et
2052 3206 2145 3269 opor·
2165 3189 2197 3239 48

479 3309 526 3363 tet
551 3300 753 3365 reconciliari
779 3323 838 3386 per
864 3302 1066 3387 episcopum,
1096 3302 1122 3363 si
1152 3300 1304 3364 sacerdos
1332 3300 1374 3364 ad
1402 3303 1509 3386 ipsurn
1530 3303 1667 3365 intraret
1686 3308 1860 3385 postquam
1888 3300 2146 3362 communicauit.

481 3414 563 3479 ltem
587 3417 614 3479 si
636 3417 772 3480 intraret
792 3415 834 3479 ad
855 3417 962 3501 ipsum
985 3415 1117 3503 aliquis,
1141 3418 1195 3502 qui
1217 3438 1282 3480 non
1305 3425 1390 3480 osset
1410 3416 1617 3499 Nestorinus3
1647 3418 1674 3479 si
1694 3417 1831 3478 intraret
1852 3415 1955 3477 eciam
1975 3414 2019 3477 ad
2040 3416 2146 3501 ipsum
2164 3427 2196 3477 49

478 3533 669 3616 quicumque
683 3534 736 3611 ¹7⁴)
767 3533 835 3596 sine
856 3532 1033 3597 sorrabulis
1048 3534 1101 3610 ¹³⁵)
1124 3532 1176 3596 vel
1199 3534 1304 3618 capite
1327 3546 1497 3619 cooperto,
1528 3536 1605 3598 item
1638 3535 1665 3597 si
1685 3533 1812 3617 lampas
1833 3531 1993 3614 frangitur
2020 3530 2072 3594 vel
2095 3553 2145 3594 ca·

481 3646 539 3728 dit,
562 3659 594 3711 et
615 3649 643 3726 si
664 3649 799 3711 intraret
822 3656 912 3712 catus
934 3648 985 3712 vel
1008 3669 1206 3734 quecumque
1228 3646 1366 3712 bestiola
1389 3661 1524 3735 excepto
1546 3673 1655 3731 mure,
1687 3647 1745 3714 soli
1767 3649 1851 3712 enim
1873 3648 1955 3711 muri
1980 3668 2146 3710 concesse-

479 3774 554 3826 runt
574 3763 796 3848 priuilegium,
831 3764 916 3849 quod
938 3765 1040 3850 possit
1060 3765 1182 3826 intrare
1206 3761 1247 3826 ad
1270 3762 1392 3845 altare,
1420 3775 1452 3828 et
1472 3789 1537 3830 non
1560 3765 1829 3830 disconsecratur.
1874 3762 2147 3826 Disconsocratur
2165 3766 2197 3813 50

480 3881 597 3960 eciam,
631 3881 658 3943 si
687 3901 751 3942 vna
778 3891 869 3963 gutta
897 3903 979 3966 aque
1006 3878 1057 3943 vel
1088 3879 1128 3943 dc
1156 3879 1266 3964 pluuia
1297 3878 1428 3944 caderet
1448 3880 1512 3963 ibi,
1541 3893 1572 3945 et
1594 3881 1694 3946 multa
1715 3880 1797 3962 alia,
1826 3902 1887 3964 que
1908 3879 2041 3963 longum
2063 3889 2146 3941 esset

481 4016 643 4059 enarrare.

603 4128 671 4214 Ipsi
692 4128 795 4190 eciam
816 4126 1008 4191 contrahunt
1029 4128 1062 4189 in
1083 4125 1240 4210 gradibus
1263 4126 1435 4212 prohibitis
1458 4138 1490 4190 et
1511 4126 1639 4191 soluunt
1661 4127 1884 4207 matrimonia,
1916 4136 1947 4189 et
1968 4123 2145 4210 repudians
2165 4140 2195 4190 51

483 4265 619 4307 vxorcm
649 4242 689 4306 dc
717 4242 854 4307 licencia
873 4242 1007 4307 ecclesie
1029 4243 1149 4326 accipit
1170 4241 1275 4305 aliam.
1319 4240 1480 4305 Sacerdos
1502 4252 1630 4307 mortua
1650 4242 1757 4328 prima
1777 4263 1878 4305 rurore
1901 4241 2019 4325 accipit
2041 4240 2147 4305 aliam.
2166 4256 2199 4306 52

603 4374 736 4439 Habent
757 4376 860 4438 eciam
883 4384 949 4438 tres
972 4374 1102 4436 missas:
1124 4394 1222 4435 vnam
1243 4372 1397 4437 videlicet
1415 4374 1568 4456 Nestorii,
1590 4373 1688 4437 aliam
1710 4371 1892 4448 Theodori,
1914 4373 2063 4457 magistri
2085 4371 2148 4435 Ne·
2167 4388 2198 4439 53

482 4493 583 4557 storii.
626 4490 733 4554 Aliam
756 4490 866 4554 dicunt
888 4512 958 4553 esse
982 4484 1216 4574 apostolorum,
1244 4489 1277 4551 in
1306 4511 1371 4576 qua
1399 4488 1498 4553 nichil
1527 4500 1558 4554 ct
1590 4491 1719 4554 omnino
1741 4488 1781 4552 de
1803 4489 1909 4552 forma
1931 4489 2074 4574 corporis
2097 4487 2149 4551 vel
2166 4509 2198 4558 54

482 4608 658 4693 sanguinis.
699 4607 738 4669 ln
758 4605 831 4670 aliis
853 4607 961 4670 missis
983 4603 1056 4667 licet
1078 4601 1201 4690 aliquid
1224 4604 1265 4667 sit
1290 4603 1329 4668 de
1351 4605 1464 4686 forma,
1487 4628 1552 4669 non
1574 4614 1745 4669 esttamen
1763 4605 1903 4668 intencio
1920 4626 2039 4685 eorum,
2063 4603 2149 4690 quod
2167 4621 2198 4670 55

480 4733 557 4788 tnnc
578 4735 780 4803 consecrent,
809 4721 866 4786 sed
887 4732 1001 4808 postea
1022 4718 1064 4783 ad
1085 4717 1181 4782 finem
1203 4721 1314 4800 misse,
1344 4719 1386 4783 ad
1408 4720 1571 4807 quandam
1599 4722 1843 4784 innocacionem
1865 4717 2006 4804 Spiritus
2029 4718 2148 4782 Sancti.

480 4837 526 4902 Et
547 4837 627 4903 alios
648 4847 694 4903 tot
715 4859 840 4901 errores
860 4836 988 4919 habent,
1012 4834 1097 4922 quod
1116 4833 1250 4919 longum
1272 4845 1357 4899 esset
1376 4837 1537 4922 prosequi.
1579 4835 1622 4900 Et
1644 4845 1679 4900 vt
1701 4834 1804 4899 multa
1825 4833 1970 4898 breuiter
1988 4833 2147 4918 colligam,
2167 4819 2199 4935 ἓξ

482 4976 636 5041 expresso
656 4953 880 5017 contradicunt
900 4952 947 5017 illi
968 4951 1077 5032 verbo,
1099 4949 1184 5036 quod
1206 4949 1289 5014 dixit
1311 4973 1453 5016 summus
1472 4956 1626 5037 magister
1639 4953 1709 5027 ¹²⁶):
1738 4956 1838 5026 „Arta
1860 4963 1903 5012 eat
1926 4953 1991 5024 oio,
2020 4972 2074 5030 que
2095 4956 2147 5009 du-

482 5074 522 5133 cit
543 5077 585 5132 ad
604 5073 696 5131 vitam
717 5071 798 5132 etc.“

605 5201 737 5283 Dicunt,
759 5200 846 5287 quod
869 5200 1007 5263 sufficiat
1025 5198 1219 5279 Christiano,
1243 5200 1271 5261 si
1292 5199 1392 5262 faciat
1414 5198 1476 5263 sibi
1499 5201 1627 5286 signum
1649 5202 1754 5265 crucis
1776 5221 1874 5286 super
1895 5199 2012 5262 faciem
2033 5211 2064 5262 et
2082 5209 2150 5262 oret
2169 5205 2200 5254 58

483 5317 527 5381 ad
546 5319 700 5382 orientem
723 5329 754 5380 et
775 5315 922 5380 comedat
948 5337 1061 5379 carnes
1084 5315 1245 5398 porcinas.
1280 5312 1356 5377 Alia
1378 5337 1465 5395 vero,
1489 5337 1550 5400 que
1572 5315 1703 5394 addunt,
1726 5327 1801 5380 sunt
1823 5314 1964 5399 quedam
1982 5315 2150 5401 perlectio-
2169 5321 2200 5370 59

485 5455 551 5497 nes.
595 5431 677 5497 Sunt
700 5432 784 5495 enim
805 5451 921 5516 magne
945 5429 1159 5509 abstinencie,
1188 5428 1324 5493 multum
1348 5441 1441 5494 orant
1461 5440 1493 5495 et
1513 5431 1647 5495 multum
1669 5433 1822 5496 ieiunant.
1864 5430 2020 5516 Religiosi
2041 5451 2150 5492 eorum
2168 5398 2201 5512 gl

550 5639 619 5707 172)
636 5653 735 5710 pasca
758 5628 793 5691 G.
1406 5637 1474 5705 175)
1496 5633 1657 5692 Soccabolo
1684 5634 1807 5693 fortasse
1828 5641 1896 5692 sunt
1916 5633 2008 5702 socci,
2040 5631 2151 5691 calceo·

1340 5749 1403 5786 rum
1431 5750 1533 5807 genus.
1576 5734 1762 5809 Ducangium
1791 5734 1897 5791 frustra
1925 5729 2068 5801 consului,
2102 5732 2151 5810 qui

1340 5848 1395 5888 neo
1417 5831 1569 5890 sorrabula
1590 5830 1696 5890 habeat
1716 5852 1771 5890 neo
1795 5829 1959 5890 soccabula.

553 5938 621 6005 114)
646 5931 823 6008 quicumque]
847 5931 958 6008 aliquis.
1404 5932 1472 5999 1761
1495 5928 1595 5988 Matth.
1619 5929 1689 5989 Vll.
1717 5934 1760 5990 14.

1915 6044 1943 6091 17

550 5787 619 5854 113)
639 5802 727 5840 manu
749 5780 786 5841 G.
