5334 6975
1286 649 1345 711 133

482 824 684 910 Frequenter
714 835 821 888 autem
849 834 959 889 emunt
984 827 1085 891 eciam
1118 824 1244 890 sclauos
1268 825 1484 907 christianos,
1515 824 1570 911 qui
1597 823 1780 888 detinentur
1809 824 1932 909 captiui
1953 822 2042 909 apud
2061 825 2186 910 ipsos5

481 937 689 1020 Sarracenos,
711 951 742 1003 et
764 939 884 1005 ducunt
905 963 959 1005 eos
979 940 1022 1004 ad
1043 942 1235 1005 cimiterium
1257 950 1290 1005 ct
1309 941 1435 1005 dicunt:
1456 939 1542 1023 „Tot
1560 939 1684 1004 redimo
1705 961 1764 1025 pro
1787 941 1896 1003 anima
1915 941 2018 1026 patris
2038 940 2102 1003 mei
2122 948 2154 1004 et

480 1046 528 1120 tot
550 1077 610 1141 pro
633 1057 742 1119 anima
764 1057 877 1120 matris
893 1057 994 1137 mee“,
1017 1065 1049 1120 et
1071 1055 1150 1120 dant
1172 1058 1217 1120 eis
1238 1055 1364 1120 litteras
1385 1054 1545 1119 libertatis
1567 1067 1599 1119 et
1620 1055 1785 1120 dimittunt
1806 1078 1871 1120 cos.
1913 1056 2052 1141 Propter
2074 1077 2152 1140 pau·
2170 1060 2186 1109 6

480 1192 576 1257 peres
606 1181 729 1252 autem,
757 1173 812 1256 qui
833 1194 897 1235 non
919 1180 1056 1257 possunt
1075 1171 1235 1236 redimere
1268 1171 1426 1254 sclauum,
1452 1173 1518 1258 ipsi
1539 1170 1714 1235 Sarraceni
1746 1180 1877 1258 portant
1903 1194 1963 1258 per
1990 1172 2151 1235 ciuitatem

481 1307 558 1351 aues
579 1288 765 1351 incausatas
786 1296 818 1351 et
838 1288 985 1374 captiuas
1007 1289 1040 1351 in
1062 1289 1188 1370 caucis,
1215 1297 1248 1352 et
1276 1287 1431 1352 clamant:
1461 1288 1564 1369 „Quis
1585 1287 1641 1351 wlt
1667 1290 1747 1352 istas
1769 1311 1846 1353 aues
1866 1310 1972 1352 emere
1993 1297 2025 1351 ct
2047 1285 2152 1349 dimit-

479 1412 548 1467 tere
572 1401 693 1467 liberas
725 1425 784 1488 pro
806 1404 913 1466 anima
935 1404 1038 1489 patris
1059 1402 1162 1467 sui?“
1190 1403 1233 1467 Et
1260 1425 1421 1489 pauperes
1449 1414 1558 1468 emunt
1580 1425 1636 1468 eas
1660 1413 1691 1467 et
1710 1403 1875 1468 dimittunt
1894 1426 1949 1468 eas
1972 1402 2079 1483 abire,
2109 1416 2184 1465 net

481 1520 590 1583 anima
618 1520 721 1605 patris
744 1520 793 1583 sui
814 1517 995 1583 detineatur
1016 1521 1154 1605 captiua.

603 1666 672 1752 Ipsi
700 1668 801 1730 eciam
828 1667 950 1731 faciunt
978 1677 1171 1732 testamenta
1191 1689 1251 1753 pro
1274 1667 1407 1732 canibus
1429 1667 1628 1749 nutriendis,
1660 1680 1691 1731 et
1712 1671 1746 1731 in
1767 1667 1969 1748 ciuitatibus,
2001 1666 2057 1729 vbi
2080 1678 2185 1735 sunta

481 1780 574 1845 multi
595 1804 709 1865 canes,
742 1784 825 1846 sicut
845 1785 878 1846 in
900 1783 1066 1849 Thurchia
1087 1785 1171 1847 etin
1192 1783 1327 1847 Perside
1347 1793 1379 1847 et
1400 1783 1434 1846 in
1454 1781 1614 1865 Baldaco,
1645 1784 1843 1865 inuenimus,
1872 1782 1957 1870 quod
1980 1804 2076 1845 canes
2097 1781 2151 1844 ha-

480 1896 602 1962 bebant
624 1897 779 1983 quosdam
802 1910 1040 1984 procuratores,
1062 1901 1116 1985 qui
1138 1902 1307 1984 requirunt
1327 1908 1520 1963 testamenta
1541 1898 1655 1963 relicta
1676 1922 1735 1985 pro
1754 1899 1897 1980 canibus,
1920 1901 1999 1962 etin
2015 1898 2153 1961 ciuitati-

481 2012 558 2093 bus,
585 2014 714 2098 quando
743 2013 898 2079 deficiunt
924 2024 1133 2096 testamenta,
1163 2026 1300 2099 querunt
1329 2015 1534 2081 elemosinam
1566 2037 1624 2100 per
1655 2016 1820 2079 ciuitatem
1849 2024 1881 2077 ct
1902 2012 2050 2078 diuidunt
2070 2013 2153 2076 inter

483 2151 591 2194 canes.
640 2130 773 2194 Mittunt
804 2132 906 2194 eciam
935 2129 1055 2195 bonam
1082 2130 1290 2195 elemosinam
1318 2131 1358 2195 de
1387 2153 1471 2218 pane
1501 2153 1561 2217 pro
1590 2130 1706 2195 auibus
1735 2128 1937 2210 fluuialibus,
1974 2152 2035 2215 que
2065 2138 2186 2195 certat

482 2244 565 2309 hora
584 2256 822 2330 congregantur
845 2245 888 2310 ad
910 2247 1049 2310 sonitum
1071 2256 1194 2310 certum
1209 2248 1281 2329 ¹⁸⁷),
1305 2257 1338 2311 et
1359 2247 1399 2311 de
1420 2249 1503 2333 ipsis
1524 2248 1730 2331 congregatis
1752 2247 1912 2332 proiciunt
1936 2243 2151 2308 elemosinam.

2174 2347 2203 2395 11)

2173 2413 2201 2464 11

482 2473 529 2539 ibi
548 2477 758 2540 instituuntur
776 2476 867 2541 multi
888 2490 1022 2565 propter
1043 2483 1221 2543 maximum
1243 2479 1394 2544 calorem.
1436 2479 1569 2543 Habent
1595 2481 1679 2543 enim
1701 2480 1793 2542 iuxta
1815 2478 1978 2540 ciuitatem
2006 2473 2203 2560 pulcher-12

481 2592 603 2655 rimum
623 2590 730 2656 locum
750 2616 810 2680 pro
830 2595 910 2680 ipsis
931 2596 1038 2678 fatuis,
1061 2605 1092 2660 et
1113 2594 1303 2680 prouidetur
1326 2597 1374 2659 cis
1397 2598 1517 2680 optime
1541 2596 1575 2659 in
1597 2594 1757 2659 communi
1779 2591 1819 2655 de
1842 2591 1913 2656 cibo
1938 2603 1969 2655 et
1990 2591 2153 2655 seruitori-

481 2706 542 2772 bus
567 2717 598 2772 et
619 2717 777 2794 oportuno
799 2710 934 2791 medice,
957 2710 1073 2796 quibus
1096 2710 1231 2775 solvitur
1252 2733 1272 2774 a
1294 2713 1465 2776 communi.

482 2359 527 2423 Et
553 2360 615 2425 hoc
642 2362 822 2426 inuenimus
843 2365 987 2426 maxime
1013 2364 1046 2425 in
1068 2362 1212 2428 Baldaco
1243 2373 1275 2428 et
1301 2366 1335 2428 in
1356 2364 1487 2439 Niniue,
1516 2365 1647 2427 ciuitate
1674 2361 1801 2449 grandi.
1843 2361 1881 2425 In
1903 2359 2047 2424 Baldaco
2074 2381 2152 2423 vero

635 2940 759 3005 XXVI.
802 2941 864 3004 DE
884 2941 1174 3007 REUERENCIA
1196 2941 1559 3008 SARRACENORUM
1574 2942 1627 3010 ¹⁹⁵)
1649 2940 1712 3005 ΑΙ)
1734 2938 1893 3003 NOMEN
1913 2938 2004 3002 DEI.

606 3089 837 3153 Reuerenciam
867 3113 945 3156 vero
978 3092 1155 3155 maximam
1191 3091 1311 3156 habent
1339 3091 1512 3156 Sarraceni
1544 3090 1586 3154 ad
1618 3112 1734 3155 nomen
1762 3089 1826 3152 Dei
1860 3098 1891 3151 et
1917 3088 2095 3174 prophetas
2122 3097 2182 3153 etl

483 3216 612 3270 sanctos
635 3214 667 3268 et
687 3204 759 3269 loca
780 3216 901 3270 sancta.
944 3206 1028 3270 Nam
1046 3210 1188 3272 maxime
1210 3207 1404 3289 obseruant,
1433 3207 1519 3294 quod
1541 3206 1639 3271 nichil
1660 3203 1803 3269 notabile
1825 3204 1947 3268 faciunt
1968 3203 2021 3268 vel
2041 3205 2153 3268 dicunt
2170 3213 2185 3263 2

482 3320 533 3387 vel
556 3320 710 3402 scribunt,
733 3321 818 3407 quod
839 3344 905 3386 non
926 3323 1085 3409 incipiunt
1105 3346 1125 3387 a
1147 3326 1277 3388 nomine
1297 3323 1440 3389 Domini.
1483 3322 1577 3387 Vnde
1599 3324 1632 3385 in
1655 3323 1721 3385 suis
1742 3320 1859 3385 litteris
1882 3319 2048 3401 omnibus,
2071 3342 2151 3403 quas
2169 3331 2185 3380 3

482 3436 544 3503 sibi
565 3438 704 3502 inuicem
725 3439 875 3520 mittunt,
897 3448 1083 3503 reuerenter
1104 3461 1220 3504 nomen
1241 3438 1306 3504 Dei
1327 3438 1474 3504 scribunt
1494 3441 1601 3526 prius,
1625 3447 1657 3503 ct
1676 3436 1749 3502 ideo
1773 3435 1944 3522 diligenter
1966 3435 2151 3518 obseruant,

481 3552 566 3641 quod
594 3553 716 3618 nullum
746 3556 902 3640 scriptum
929 3554 1086 3619 dilanient
1113 3555 1165 3619 vel
1195 3557 1230 3619 in
1262 3567 1382 3620 terram
1411 3556 1581 3642 proiciant.
1625 3555 1661 3621 Si
1691 3563 1798 3618 autem
1819 3554 1853 3617 in
1875 3563 1964 3617 terra
1983 3554 2183 3622 inueniunts

481 3668 605 3756 aliquid
626 3670 665 3734 de
688 3680 779 3734 carta
801 3672 977 3756 seriptum,
1000 3681 1185 3736 reuerenter
1207 3670 1361 3756 colligrmt
1383 3681 1415 3736 ct
1436 3682 1559 3758 ponunt
1579 3676 1613 3737 in
1633 3671 1703 3737 loco
1726 3669 1791 3735 alto
1814 3671 1848 3734 in
1869 3669 1994 3734 fissuris
2007 3669 2062 3743 181)
2084 3690 2150 3732 mu·

480 3809 605 3869 rorum,
633 3808 673 3850 ne
701 3808 818 3850 nomen
838 3785 974 3851 Domini
1003 3786 1216 3852 conculcetur.
1261 3787 1400 3867 Quando
1430 3804 1537 3853 autem
1565 3812 1682 3854 nomen
1703 3787 1838 3852 Domini
1861 3787 2002 3851 occurrit
2033 3786 2079 3849 eis
2099 3783 2185 3855 vele

479 3901 616 3988 legendo
637 3900 689 3966 vel
707 3901 878 3989 loquendo,
898 3926 1073 3988 numquam
1093 3913 1178 3967 esset
1199 3926 1297 3967 ausus
1311 3905 1368 3982 ¹⁹⁰)
1387 3905 1494 3990 ipsum
1516 3907 1685 3969 nominare
1707 3902 1826 3984 solum,
1848 3901 1905 3965 sed
1928 3923 2055 3987 semper
2078 3923 2151 3964 cum

481 4030 570 4083 certa
591 4016 700 4100 laude,
729 4017 851 4081 scilicet
872 4018 985 4100 „Deus
1006 4017 1157 4083 laudetur
1179 4019 1297 4106 ipse!“
1326 4018 1380 4083 vel
1408 4019 1531 4106 aliquid
1552 4019 1625 4084 tale.
1669 4019 1704 4083 si
1726 4019 1798 4104 quis
1821 4026 1929 4081 autem
1951 4017 2185 4089 Sarracenuss

480 4133 589 4199 Deum
616 4131 668 4197 vel
697 4133 836 4220 aliquem
866 4133 906 4198 de
933 4133 1100 4219 prophetis
1130 4135 1198 4197 cius
1230 4133 1489 4219 blasphemaret,
1517 4156 1691 4220 numquam
1720 4156 1792 4198 eum
1821 4135 1932 4197 viuere
1954 4140 2151 4219 paterentur.

480 4251 572 4316 Loca
596 4271 674 4314 vero
703 4259 829 4331 sancta,
858 4248 948 4313 velut
969 4271 1078 4313 eorum
1103 4248 1275 4339 eeclesias,
1303 4271 1431 4336 semper
1461 4249 1675 4314 mundissima
1698 4260 1846 4325 seruant,
1876 4271 1936 4312 nec
1960 4248 2007 4313 ibi
2028 4249 2184 4313 intrantt

480 4367 544 4431 nisi
572 4364 710 4452 pedibus
741 4364 954 4447 discalciatis,
985 4387 1045 4428 nec
1072 4387 1226 4451 umquam
1247 4363 1294 4428 ibi
1315 4376 1451 4451 spuunt,
1478 4388 1538 4431 nec
1561 4388 1632 4430 cmn
1654 4364 1702 4430 ibi
1724 4365 1836 4430 sedent
1858 4387 1929 4429 cum
1950 4364 2081 4429 natibus
2095 4365 2152 4440 ¹⁹¹)

481 4503 580 4568 super
612 4479 772 4544 calcaneis
799 4483 864 4545 suis
872 4530 880 4563 ,
912 4489 943 4544 ct
970 4483 1017 4545 ita
1036 4481 1256 4545 assuefaciunt
1277 4483 1390 4546 sedere
1412 4481 1565 4568 paruulos
1588 4504 1678 4564 suos,
1710 4505 1750 4545 ne
1772 4491 1887 4567 postea
1906 4482 2083 4566 fatigentur
2105 4481 2152 4544 sic

479 4596 615 4662 multum
637 4595 749 4661 sedere
769 4598 804 4660 in
825 4595 969 4660 ecclesia.

705 4795 843 4859 XXVII.
886 4794 951 4859 DE
974 4794 1235 4860 GRAUITATE
1260 4793 1624 4860 SARRACENORUM
1645 4796 1692 4860 [N
1712 4768 1919 4861 MORIBUS.

605 4946 712 5009 Tanta
738 4953 787 5008 est
813 4946 860 5008 eis
883 4947 1028 5030 grauitas
1049 4946 1083 5009 in
1106 4944 1267 5027 moribus,
1299 4944 1387 5032 quod
1413 4967 1588 5030 numquam
1609 4944 1735 5009 videbis
1757 4945 1919 5010 hominem
1942 4967 2149 5009 sarracenum
2170 4953 2181 5003 1

479 5063 679 5128 incedentem
707 5064 813 5147 capite
841 5060 966 5126 eleuato
994 5060 1046 5126 vel
1074 5060 1265 5126 sublimibus
1297 5059 1416 5143 oculis,
1445 5060 1497 5124 vel
1524 5061 1607 5126 collo
1629 5072 1735 5126 erecto
1757 5060 1809 5125 vel
1832 5072 1963 5147 pectore
1984 5073 2077 5126 tenso
2098 5060 2150 5125 vel

477 5177 664 5264 nauigando
686 5177 838 5258 brachiis,
863 5177 918 5241 sed
941 5180 1069 5242 incessu
1091 5191 1227 5259 maturo,
1252 5178 1333 5241 sicut
1357 5177 1491 5263 perfecti
1513 5176 1658 5262 religiosi
1679 5187 1710 5241 et
1731 5198 1848 5262 graues
1869 5177 2024 5260 moribus,
2047 5179 2150 5241 eciam

478 5297 571 5383 pueri
593 5295 695 5381 parui.
739 5293 776 5357 ln
798 5291 945 5378 pluribus
968 5295 1078 5371 annis,
1106 5292 1222 5380 quibus
1246 5315 1318 5357 cum
1340 5295 1386 5356 eis
1409 5303 1618 5358 conuersa-tus
1642 5316 1712 5357 sum
1733 5293 1768 5355 in
1788 5292 1924 5356 Perside
1944 5303 1976 5357 et
1997 5275 2182 5367 Daldaco,2

478 5433 542 5476 non
569 5409 675 5474 recolo
704 5432 755 5473 me
786 5409 917 5474 audisse
940 5409 1036 5473 semel
1058 5419 1186 5473 cantum
1207 5409 1381 5490 vanitatis,
1408 5408 1466 5472 sed
1489 5430 1617 5495 semper
1639 5418 1769 5473 cantum
1788 5408 1828 5472 de
1852 5407 1948 5473 laude
1970 5409 2033 5473 Dei
2056 5408 2149 5472 etde

540 5615 611 5685 187)
639 5621 759 5670 certum.
807 5611 946 5669 Fortasse
981 5609 1138 5689 legendum
1172 5617 1216 5669 est
1248 5629 1292 5666 ro·
1399 5615 1467 5686 190)
1490 5613 1590 5688 ausus]
1613 5621 1711 5672 essent
1731 5614 1802 5685 ausi,
1824 5611 1973 5673 auderent.

475 5713 597 5789 gnitum.
1077 5777 1081 5785 .
1400 5712 1468 5782 191)
1489 5710 1554 5770 Nec
1576 5731 1641 5769 eum
1663 5710 1703 5769 ibi
1722 5709 1840 5784 sedent,
1866 5729 2024 5788 numquam
2047 5708 2151 5769 sedent

542 5813 612 5884 188)
634 5810 815 5868 Sarracenis
837 5806 872 5867 G.
1334 5808 1390 5867 nisi
1411 5826 1477 5866 eum
1498 5807 1615 5868 natibus
1630 5817 1660 5868 et
1678 5830 1704 5888 q.
1728 5830 1752 5869 s.

545 5911 612 5971 1891
632 5908 739 5979 strumo
761 5906 796 5966 G.
