5334 6975
1409 657 1466 719 180
1492 688 1496 696 x

562 832 642 901 aad
665 838 781 894 Philum
795 834 864 913 ¹⁶⁴),
899 832 984 917 quod
1013 843 1061 897 est
1091 843 1234 897 castrum
1265 834 1359 898 ualde
1389 834 1507 899 bonum
1534 833 1700 897 cuiusdam
1734 831 1862 897 nobilis.
1907 833 2003 896 quta
2023 829 2102 894 illud
2124 831 2204 894 situs
2224 839 2275 894 est

562 948 731 1036 squidam
754 970 845 1012 mons
866 948 945 1011 satis
967 969 1110 1029 amenus,
1133 969 1226 1034 quem
1249 963 1369 1011 montem
1390 956 1425 1011 de
1447 953 1599 1011 assaturis
1612 951 1665 1019 185)
1688 947 1864 1034 appellant.
1908 946 1999 1011 Sicut
2020 946 2105 1008 enim
2126 968 2167 1010 ex
2188 947 2272 1010 ueri·

599 1062 674 1128 dica
701 1063 856 1128 relatione
887 1061 1090 1146 audiuimus,
1129 1064 1310 1149 quicunque
1340 1087 1398 1128 sex
1428 1065 1617 1150 septimanis
1643 1065 1835 1128 ieiunauerit
1863 1072 1896 1127 et
1915 1059 2187 1148 penitencialibus
2208 1060 2274 1125 illis

597 1178 710 1244 diebus
737 1182 881 1265 peractis
908 1180 1209 1261 communicauerit,
1239 1190 1271 1243 et
1295 1180 1342 1243 sio
1364 1181 1490 1243 ieiunus
1514 1178 1633 1244 dictum
1656 1189 1797 1243 montem
1818 1178 2006 1258 intrauerit,
2039 1176 2153 1262 procul
2174 1175 2273 1241 dubio

563 1286 671 1400 {boni
697 1305 829 1358 euentus
853 1304 884 1358 et
904 1295 1059 1359 fortunati
1083 1293 1146 1358 sibi
1167 1305 1350 1359 occurrunt.
1390 1293 1487 1373 Quod
1507 1294 1678 1359 multorum
1702 1309 1903 1381 compertum
1918 1293 2149 1378 experimento.
2183 1293 2272 1357 Inter

596 1432 657 1495 que
678 1409 758 1474 illud
781 1432 839 1496 pro
861 1431 979 1495 magno
1001 1420 1125 1496 reputo,
1149 1408 1234 1496 quod
1256 1408 1388 1494 quidam
1410 1411 1513 1495 miles,
1535 1433 1628 1497 quem
1652 1421 1684 1474 et
1702 1431 1761 1474 nos
1783 1408 1923 1474 uidimus
1943 1409 1976 1471 iu
1999 1407 2182 1488 Antiochia,
2204 1406 2273 1471 illic

596 1524 782 1589 huiusmodi
804 1547 882 1589 casu
904 1527 1027 1590 inuenit
1047 1524 1210 1611 quoddam
1231 1527 1484 1609 manutergium,
1505 1525 1593 1610 quod
1615 1547 1672 1590 sue
1694 1524 1816 1591 familie
1838 1537 1870 1589 et
1889 1522 2094 1609 hospitibus,
2115 1533 2274 1610 quotquot

596 1663 715 1706 uocare
743 1642 926 1722 consueuit,
957 1643 1065 1706 omnia
1094 1642 1331 1705 necessaria-in
1354 1640 1550 1705 uictualibus
1572 1643 1782 1723 ministrasit,
1811 1643 1858 1705 ita
1879 1651 1914 1703 ut
1935 1641 1967 1702 in
1985 1660 2097 1703 mensa
2118 1650 2151 1703 et
2172 1660 2272 1724 super

563 1772 631 1822 ose
644 1759 699 1833 166)
720 1766 837 1842 parata
859 1758 1121 1833 inuenireuturtl.
1164 1756 1306 1820 Utimam
1340 1758 1442 1821 eciam
1472 1757 1654 1822 huiusmodi
1685 1758 1831 1821 minister
1861 1755 1957 1819 hodie
1980 1758 2045 1819 uite
2068 1762 2273 1818 succurreret

594 1871 795 1956 indigencie!

563 1987 572 2036 ¹
719 1986 843 2052 XXVI.
889 1988 1005 2052 Hieme
1034 1988 1227 2074 igitur0iam
1259 1987 1429 2053 recedente
1458 1988 1534 2053 dum
1568 1989 1611 2053 ad
1638 1990 1760 2053 exitum
1786 2000 1872 2052 terre
1898 1988 1993 2051 istius
2020 1986 2272 2064 intenderemus,

595 2124 654 2187 per
677 2102 822 2184 Tarsim,
851 2125 947 2189 quam
969 2126 1069 2189 supra
1092 2102 1266 2190 descripsi,
1296 2125 1411 2166 uersus
1433 2104 1633 2169 occidentem
1654 2102 1897 2185 descendimus,
1926 2115 1958 2167 et
1979 2104 2159 2166 inueuimus
2182 2103 2272 2164 circa

594 2217 667 2281 illas
689 2230 799 2303 partes
820 2218 1032 2284 Hormeniam
1055 2221 1088 2283 in
1110 2219 1216 2301 siluis,
1237 2222 1272 2282 in
1293 2219 1476 2283 recentibus
1498 2222 1590 2306 aquis
1610 2232 1643 2283 at
1665 2220 1750 2284 bono
1771 2229 1846 2283 abre
1867 2230 1977 2283 nostre
1999 2218 2157 2281 Teutonie
2181 2218 2269 2281 simi·

562 2333 713 2399 alimum.
760 2333 866 2413 Quam
889 2334 992 2399 tribus
1015 2335 1130 2400 diebus
1153 2346 1366 2422 peragrantes
1388 2336 1535 2399 uenimus
1559 2337 1637 2397 Chre
1654 2337 1723 2416 ¹⁰⁷),
1745 2357 1807 2419 que
1829 2345 1878 2399 est
1899 2336 2013 2398 ciuitas
2037 2337 2070 2397 in
2091 2335 2173 2398 mari
2196 2335 2272 2414 sita,

562 2463 577 2513 3
595 2448 714 2514 bonum
737 2449 860 2514 habeus
883 2462 1019 2535 portum.
1062 2452 1099 2515 ln
1122 2473 1186 2536 qua
1207 2451 1304 2516 hodie
1325 2448 1505 2532 mirabiles,
1534 2453 1681 2536 quamuis
1702 2449 1822 2531 dirute,
1845 2460 2005 2536 apparent
2025 2459 2202 2531 structure,
2224 2452 2272 2513 ita

594 2574 631 2627 ut
650 2565 801 2628 nimirum
824 2588 879 2629 eas
901 2567 1044 2629 romanis
1067 2568 1237 2631 structuris
1259 2578 1290 2631 et
1312 2569 1413 2631 ruinis
1436 2568 1703 2652 comparauerim.

561 2683 577 2731 4
717 2679 815 2745 quta
835 2680 924 2745 illam
946 2681 988 2745 ad
1011 2681 1074 2746 duo
1097 2682 1186 2746 milia
1208 2685 1302 2748 situm
1324 2694 1373 2747 est
1397 2686 1501 2763 Scapt
1523 2694 1682 2763 castrum,
1710 2683 1803 2745 iuxta
1826 2681 1912 2768 quod
1933 2684 1967 2744 in
1990 2680 2140 2762 flumine,
2161 2704 2182 2745 a
2204 2704 2270 2768 quo
2331 2730 2333 2732 .

592 2796 700 2881 ipsum
723 2807 865 2860 castrum
887 2796 1110 2862 denominatur
1127 2800 1180 2876 168)
1187 2847 1196 2880 ,
1225 2798 1410 2862 submersus
1432 2799 1499 2862 fuit
1521 2835 1559 2843 -
1582 2797 1663 2883 proh
1685 2796 1792 2861 dolor!
1816 2833 1856 2841 —
1889 2797 2084 2862 Frederieus
2105 2796 2268 2861 Romano-

593 2934 664 2976 rum
686 2911 878 2998 lmperator,
903 2935 975 2977 cum
997 2915 1031 2977 in
1053 2917 1300 3000 recuperatione
1322 2927 1407 2978 terre
1430 2924 1540 2977 sancte
1562 2912 1734 2979 laboraret

559 2995 574 3111 6
717 3028 857 3093 XXVII.
898 3027 978 3093 Inde
1004 3030 1135 3115 nauigio
1162 3029 1256 3095 nobis
1285 3041 1460 3116 preparato
1487 3031 1520 3093 in
1546 3032 1675 3110 Cyprum
1702 3026 1936 3093 descendimus.
1980 3024 2052 3106 Que
2081 3040 2131 3092 est
2159 3029 2269 3094 insula

559 3158 715 3209 ssumme
745 3144 876 3226 fertilis,
907 3146 1030 3231 optima
1057 3144 1181 3209 habens
1207 3146 1292 3210 uina.
1334 3145 1406 3226 Que
1427 3144 1502 3210 licet
1531 3148 1594 3209 sita
1615 3146 1658 3209 sit
1680 3165 1782 3230 prope
1804 3141 1956 3229 cyclades
1963 3191 1972 3224 ,
2001 3152 2109 3207 minen
2130 3166 2197 3209 non
2218 3154 2271 3208 est

559 3272 658 3323 tuna
686 3259 833 3342 illarum,
864 3282 926 3346 que
953 3269 1076 3324 tantum
1106 3261 1190 3325 duae
1212 3261 1274 3325 Vll
1304 3262 1414 3347 potius
1428 3264 1484 3340 169)
1514 3284 1584 3325 esse
1606 3258 1875 3336 describunturl).
1917 3258 1989 3322 Hec
2009 3259 2043 3322 in
2065 3258 2269 3345 longitudine

560 3374 797 3461 &protenditur
819 3375 862 3439 ad
885 3389 1021 3462 quatuor
1043 3376 1156 3459 dietas,
1176 3379 1209 3441 in
1230 3376 1401 3441 latitudine
1424 3375 1563 3463 amplius
1585 3399 1682 3463 quam
1705 3374 1748 3439 ad
1769 3374 1860 3438 duas.
1903 3374 1948 3438 Et
1968 3373 2066 3438 habet
2086 3376 2120 3438 in
2144 3396 2179 3438 se
2201 3374 2269 3438 alta

558 3463 754 3579 lmontana.
797 3492 835 3556 ln
855 3515 920 3579 qua
941 3515 1022 3557 unus
1048 3505 1096 3558 est
1117 3494 1382 3580 archiepiscopus
1391 3501 1415 3570 e)
1423 3543 1432 3575 ,
1459 3507 1525 3557 tres
1554 3493 1677 3557 habens
1705 3492 1935 3577 suffraganeos.
1978 3490 2023 3554 Et
2052 3504 2127 3556 suut
2146 3490 2267 3555 Latini.

557 3598 573 3715 3
591 3607 644 3672 De
666 3607 785 3694 quibus
812 3609 880 3672 suis
902 3608 983 3672 locis
1006 3608 1256 3695 expedisminid)
1271 3612 1335 3687 ¹⁷⁰).
1372 3609 1469 3674 Greci
1487 3632 1575 3691 uero,
1598 3607 1716 3695 quibus
1730 3607 1839 3671 Latini
1861 3629 1920 3693 per
1934 3618 2034 3670 totam
2050 3605 2134 3670 hanc
2148 3619 2271 3670 terram

543 3753 573 3804 10
592 3722 815 3807 dominantur,
848 3723 1003 3789 tredecim
1026 3723 1147 3788 habeut
1167 3725 1355 3811 episcopos,
1388 3748 1522 3808 quorum
1544 3748 1625 3788 unus
1653 3735 1703 3788 est
1724 3723 1997 3809 archiepiscopus.
2040 3720 2163 3787 Omnes
2186 3724 2270 3806 ipsis

541 3870 569 3919 11
589 3839 728 3904 Francis
755 3839 930 3920 obediunt,
963 3840 1116 3904 tributum
1146 3850 1300 3927 tanquam
1334 3842 1421 3905 serui
1450 3840 1681 3926 persoluentes.
1719 3840 1773 3903 Ex
1795 3839 1867 3903 istis
1890 3840 1973 3902 seire
1995 3839 2150 3924 potestis,
2180 3836 2268 3922 quod

540 3979 571 4030 η
590 3956 712 4020 domini
735 3955 830 4020 huius
853 3969 939 4019 terre
955 3956 1076 4021 Franci
1099 3970 1182 4032 sunt,
1206 3957 1321 4044 quibus
1337 3957 1435 4022 Greci
1459 3970 1490 4021 et
1506 3956 1675 4021 Hormeuii
1697 3971 1731 4019 ut
1745 3954 1851 4019 coloni
1866 3953 2029 4019 obediunt.
2068 3954 2131 4033 Qui
2147 3954 2268 4028 omni‘)

589 4094 647 4137 sua
673 4073 886 4159 dispositione
915 4072 1068 4136 informes
1098 4088 1129 4137 et
1158 4095 1303 4160 paupere
1336 4072 1449 4137 habitu
1478 4072 1663 4136 incedentes
1696 4071 1868 4158 plurimum
1897 4070 2025 4134 luxurie
2060 4070 2267 4149 deseruiunt;

589 4187 674 4275 quod
695 4189 771 4253 uino
795 4187 881 4251 illius
902 4198 997 4268 terre,
1021 4189 1054 4251 in
1077 4212 1139 4274 quo
1159 4189 1261 4253 multa
1282 4201 1331 4253 est
1351 4188 1498 4269 luxuria,
1522 4187 1572 4250 uel
1595 4190 1708 4272 pocius
1731 4190 1812 4274 ipsis
1834 4185 2021 4251 bibentibus
2043 4184 2266 4271 imputabitur.

540 4298 571 4414 {ff
587 4303 661 4367 Hac
683 4307 785 4367 eciam
808 4302 1066 4368 consideratione
1088 4304 1199 4369 habita
1220 4304 1331 4368 Uenus
1359 4306 1393 4367 in
1416 4303 1527 4388 Cypro
1557 4303 1619 4367 coli
1642 4303 1820 4368 dicebatur.
1860 4302 1961 4366 ‘Unde
1991 4312 2022 4366 et
2047 4307 2120 4387 ipsa
2143 4300 2266 4386 Cypris

541 4444 571 4493 15
590 4428 639 4482 est
658 4419 833 4504 appellata,
856 4417 910 4482 ubi
935 4418 1067 4484 dicitur:
1091 4424 1219 4499 „Cypria
1241 4424 1332 4496 deas)
1355 4426 1458 4480 Marte
1480 4425 1527 4480 uel
1542 4426 1641 4480 eadem
1657 4424 1788 4480 uincitur
1802 4424 1895 4480 arlef*
1932 4418 2018 4482 Uina
2034 4419 2152 4490 etenim
2168 4417 2267 4482 huius

589 4530 693 4596 insule
708 4531 797 4609 „adeo
819 4536 926 4619 spissa
948 4545 980 4599 et
1002 4536 1136 4621 pinguia
1157 4545 1240 4616 sunt,
1263 4533 1516 4619 utaliquando,
1539 4556 1612 4599 curn
1636 4535 1677 4598 ad
1700 4535 1761 4599 hoc
1783 4533 2024 4619 decoquuntur,
2047 4555 2136 4598 more
2158 4533 2266 4598 mellis

540 4665 571 4716 16
589 4669 662 4711 cum
684 4669 768 4733 pane
790 4648 1006 4714 comedantur.
1039 4649 1109 4714 Hec
1129 4654 1231 4715 eciam
1253 4649 1359 4714 insula
1380 4649 1498 4715 multos
1520 4650 1608 4715 fouet
1630 4651 1796 4715 siluestres
1818 4650 1927 4714 asinos
1951 4659 1983 4712 et
1997 4650 2126 4727 arietes,
2150 4671 2267 4716 ceruos

539 4779 569 4828 11
589 4774 620 4828 et
640 4763 769 4845 damas;
792 4786 885 4828 ursos
908 4775 939 4828 et
960 4764 1069 4829 leones
1092 4765 1143 4829 uel
1165 4766 1259 4853 lupos
1267 4774 1292 4842 ⁸)
1315 4766 1363 4830 uel
1386 4766 1496 4852 aliqua
1518 4769 1550 4830 in
1573 4790 1607 4830 se
1629 4740 1745 4832 nociua
1767 4765 1920 4829 animalia
1942 4788 2006 4830 non
2025 4764 2157 4830 habens.
2195 4764 2262 4846 Qui

588 4891 695 4945 autem
719 4880 845 4967 plenius
868 4878 908 4942 de
930 4879 990 4943 hac
1011 4893 1099 4945 terra
1119 4883 1202 4946 scire
1223 4882 1370 4963 uoluerit,
1393 4881 1529 4968 qualiter
1551 4884 1658 4968 primo
1678 4883 1765 4946 sacta
1787 4883 1882 4945 luerit
1905 4881 2108 4961 habitabilis,
2130 4890 2161 4944 et
2181 4904 2262 4967 quo-

654 5030 681 5101 a)
699 5031 874 5083 inueniamur
892 5027 975 5081 BEd.
996 5029 1180 5083 invenirentur
1194 5048 1210 5084 e
1227 5031 1388 5084 coniectura
1406 5031 1572 5100 scripsimus.
1586 5061 1618 5068 —
1637 5030 1665 5094 b)
1681 5048 1750 5099 quae
1767 5037 1870 5082 tantam
1889 5031 1960 5083 (heae
1977 5030 2035 5082 VII
2043 5031 2141 5100 potitus
2151 5046 2210 5083 esse
2221 5032 2266 5084 de·

721 5115 876 5166 scribuntur
893 5113 924 5168 B.
952 5113 1015 5179 qnia
1039 5121 1137 5182 septem
1162 5131 1217 5168 aare
1241 5115 1430 5167 <heribannis
1447 5113 1497 5166 Ed.
1518 5131 1558 5181 pr.
1582 5144 1614 5151 —
1643 5115 1669 5182 c)
1687 5115 1861 5182 episcopatus
1880 5113 1910 5166 B.
1937 5114 2194 5183 archiepiscopatu
2213 5113 2266 5166 Ed.

722 5198 954 5266 Archicps'scopas
971 5212 987 5249 e
1004 5197 1162 5251 coniectura
1178 5197 1308 5251 dedimus.
1328 5227 1360 5236 -
1377 5197 1406 5259 d)
1426 5199 1598 5266 apaliemar
1615 5196 1639 5249 B
1652 5197 1701 5250 Ed.
1729 5197 1781 5250 Sed
1800 5196 1834 5250 cf.
1854 5196 1890 5250 11.
1909 5201 1932 5250 2.
1951 5206 1974 5250 1.
1995 5227 2024 5235 —
2045 5201 2071 5260 el
2083 5214 2173 5250 omnes
2188 5196 2220 5251 B.
2232 5230 2262 5238 -

722 5278 749 5344 f)
769 5280 868 5350 prrt's
885 5297 917 5334 eo
935 5280 1028 5332 Marte
1046 5279 1130 5333 BEd.
1170 5281 1250 5346 Quod
1269 5280 1429 5335 coniectura
1446 5280 1658 5334 emendavimus.
1679 5311 1708 5319 -
1727 5285 1756 5349 g)
1776 5280 1843 5334 Voc.
1862 5280 1907 5332 ael
1922 5280 2002 5350 lupos
2019 5297 2071 5334 orn.
2091 5280 2142 5335 Ed.

648 5440 717 5506 164)
744 5434 864 5509 Philum]
886 5433 984 5493 Locus
1005 5435 1129 5511 ignotus.
1510 5438 1577 5505 168)
1600 5434 1814 5509 denominatur]
1843 5454 1861 5491 a
1888 5435 2033 5493 veteribus
2061 5432 2267 5512 Calycadnus,

652 5537 719 5607 165)
740 5544 859 5590 visentem
893 5536 928 5591 ds
956 5535 1117 5609 attentaris]
1146 5533 1298 5612 Nusquam
1326 5553 1402 5592 eom·
1445 5533 1591 5593 aTurcis
1609 5530 1677 5590 Gsk
1700 5531 1741 5591 Su
1762 5534 1935 5592 nominatur.

584 5641 769 5692 memoratur.
1511 5636 1579 5704 169)
1602 5651 1655 5707 que
1678 5664 1717 5673 -
1736 5633 1847 5708 potius]
1883 5633 1980 5691 Locus
2010 5640 2182 5710 corruptus,
2212 5632 2266 5692 sed

651 5735 719 5806 166)
746 5743 771 5788 et
800 5750 890 5805 super
915 5731 954 5806 se]
984 5741 1012 5790 et
1039 5750 1127 5810 super
1154 5751 1218 5789 eam
1247 5734 1401 5803 (mensam)
1444 5731 1481 5791 cf.
1503 5729 1618 5789 Aethici
1641 5750 1782 5807 cosmogr.
1805 5731 1849 5790 ed.
1871 5730 2000 5790 Gronov.
2022 5751 2051 5809 p.
2075 5735 2122 5790 43.
2325 5723 2328 5726 ⁴

584 5851 644 5891 uon
667 5833 760 5891 solum
780 5831 810 5888 in
833 5831 849 5889 i.
872 5851 896 5889 e.
918 5832 993 5888 intra
1015 5849 1088 5889 eam.
1441 5858 1444 5862 ·
1509 5833 1578 5901 170)
1601 5829 1802 5904 expedientur]
1829 5823 1880 5889 ¹De
1902 5829 2027 5899 Latinis,
2053 5827 2132 5908 quod
2155 5831 2266 5903 sciam,

650 5935 717 6000 167)
744 5928 830 6003 Care]
853 5939 911 5988 ant.
935 5928 1074 6007 Corycus.
1094 5948 1151 5986 rec.
1173 5927 1289 5986 Kurku.
1443 5951 1500 5989 non
1523 5926 1702 6006 expedimur.
