5334 6975
1298 693 1338 752 ⁷7

600 870 652 934 De
678 868 853 933 Ierusalem
874 870 939 934 IIII
965 869 1066 934 leucis
1094 881 1206 935 contra
1235 870 1436 935 occidentem
1457 882 1505 934 est
1527 877 1668 932 Emmaus
1681 873 1753 953 ⁶⁴³),
1780 870 1836 935 ubi
1858 870 2018 935 Dominus
2041 870 2186 942 amhn-3

477 985 548 1051 lans
571 979 647 1051 cum'
664 984 790 1051 duobus
813 984 982 1072 discipulis
1003 989 1037 1049 in
1060 987 1168 1072 specie
1189 988 1355 1072 peregrini
1378 989 1507 1072 agnitus
1530 996 1578 1051 est
1599 988 1633 1050 in
1654 988 1810 1054 fractione
1831 992 1934 1075 panis.
1971 987 2043 1051 Hec
2057 987 2153 1053 hodie

477 1105 632 1181 Nicopolis
643 1102 700 1178 518)
723 1100 850 1166 dicitur.

601 1218 654 1282 De
674 1216 850 1282 Ierusalem
863 1216 913 1281 IIl
933 1218 1032 1282 leucis
1054 1217 1114 1282 sub
1136 1228 1244 1283 monte
1263 1216 1331 1283 Silo
1355 1229 1467 1283 contra
1486 1218 1684 1284 occidentem
1706 1231 1755 1284 est
1774 1226 1926 1282 Bethoron
1948 1220 2187 1300 insertor⁵⁴⁹),t

480 1333 522 1398 de
544 1355 608 1420 qua
629 1335 749 1398 mentio
769 1335 803 1397 in
824 1331 907 1399 libro
927 1333 1089 1411 Iosue⁵⁵⁰)
1112 1345 1143 1397 et
1163 1332 1418 1399 Machabeorum
1439 1335 1531 1412 1⁵⁵¹).

601 1448 655 1513 De
679 1448 855 1513 Ierusalem
880 1448 927 1513 IV
957 1449 1057 1513 leucis
1098 1460 1131 1513 et
1164 1448 1298 1513 dimidia
1324 1460 1436 1514 contra
1462 1450 1662 1514 occidentem
1693 1451 1842 1515 euntibus
1869 1452 2054 1539 Diospolim
2085 1453 2187 1516 siuet

477 1563 630 1652 Lyddam
653 1574 702 1629 est
728 1566 1030 1647 Oaaattiarimffl),
1053 1588 1114 1650 que
1135 1565 1196 1629 fuit
1216 1588 1281 1629 una
1302 1564 1344 1629 de
1365 1564 1501 1629 urbibus
1525 1565 1800 1648 Gabaonitarum,
1822 1570 1856 1630 in
1878 1590 1943 1653 qua
1964 1568 2032 1632 XX
2053 1590 2155 1633 annos

480 1682 603 1745 mansit
624 1679 724 1745 archa
745 1681 888 1762 Domini,
910 1690 1081 1768 postquam
1101 1680 1237 1745 reducta
1257 1690 1306 1746 est
1328 1680 1368 1745 de
1389 1680 1573 1746 Philistiim.
1616 1682 1648 1746 A
1670 1681 1901 1749 cariathiarim
1919 1684 1986 1748 fere
2009 1684 2052 1748 ad
2072 1685 2155 1748 occi·

481 1795 610 1861 dentem
631 1807 681 1861 est
700 1796 820 1861 Lachis
833 1798 904 1877 513),
933 1797 1036 1861 eciam
1056 1820 1122 1861 una
1144 1819 1185 1860 ex
1207 1795 1343 1862 urbibus
1367 1796 1639 1881 Gabaonitarum,
1666 1821 1762 1885 quam
1785 1798 1912 1863 obsedit
1934 1797 2154 1863 Sennacherib

479 1911 679 1998 temporibus
700 1911 883 1992 Ezechie2).

602 2029 654 2092 De
677 2027 908 2094 Cariathiarim
928 2028 960 2091 11
980 2028 1079 2092 leucis
1101 2038 1212 2093 contra
1234 2039 1380 2093 austrum
1399 2030 1468 2094 fere
1490 2042 1538 2094 est
1559 2036 1731 2093 Bethsames
1753 2029 1897 2115 opidum,
1920 2029 2007 2117 quod
2029 2029 2072 2094 ad
2094 2028 2154 2093 (111-
2173 2043 2188 2092 6

477 2144 652 2209 sereuciam
675 2142 822 2225 alterius,
852 2166 914 2229 que
937 2146 1040 2208 estin
1061 2143 1309 2231 Neptalim554),
1344 2145 1462 2210 dicitur
1483 2152 1656 2208 Bethsames
1677 2148 1836 2226 Iude⁵⁵⁵)‚
1864 2167 1904 2209 ac
1923 2158 2032 2210 tamen
2053 2147 2087 2208 in
2107 2146 2155 2208 rei

477 2262 616 2325 ueritate
638 2271 708 2324 erat
726 2258 766 2324 de
787 2258 875 2323 tribu
896 2259 982 2323 Dan.

600 2376 639 2440 In
666 2397 781 2462 campo
806 2374 902 2438 huius
923 2373 999 2437 uilla
1020 2373 1082 2437 due
1104 2396 1203 2439 uacca
1225 2375 1265 2439 de
1285 2376 1436 2442 Accaron
1458 2378 1659 2441 reduxerunt
1689 2376 1821 2442 archam
1842 2377 1995 2457 Domini,
2025 2374 2154 2461 quando

477 2492 677 2558 Bethsamite
706 2490 870 2555 metebant
900 2491 1044 2554 triticum
1069 2491 1104 2552 in
1126 2490 1231 2573 ualle,
1263 2502 1294 2555 et
1313 2495 1432 2557 mortui
1455 2505 1528 2556 sunt
1550 2493 1591 2557 de
1611 2495 1693 2580 ipsis
1717 2493 1814 2557 LXX
1836 2494 1938 2558 millia
1959 2490 2085 2579 plebis,
2118 2512 2155 2554 eo

479 2608 565 2696 quod
586 2607 744 2673 uidissent
766 2605 898 2670 archam
920 2606 1054 2670 Domini
1075 2606 1205 2670 nudam.

600 2724 653 2787 De
672 2723 849 2788 Ierusalem
872 2721 904 2785 X
926 2721 1026 2784 leucis
1056 2731 1168 2786 contra
1189 2722 1389 2787 occidentem
1418 2736 1467 2788 est
1490 2728 1691 2804 Ramathaym
1705 2728 1834 2805 ..tapnim
1848 2726 1906 2800 156)
1913 2774 1921 2806 ,
1950 2746 2013 2810 que
2033 2721 2154 2808 partim
2173 2740 2187 2788 7

544 2925 572 2995 a)
589 2921 697 2977 Verba:
715 2923 743 2975 A
761 2920 960 2974 Corinthiarim
977 2950 1004 2959 -
1030 2920 1147 2973 Ezechie
1165 2937 1220 2974 non
1238 2925 1304 2974 sunt
1321 2921 1396 2990 apud
1415 2921 1453 2975 St.

540 3113 611 3183 547)
634 3108 784 3183 Emmaus]
807 3106 838 3165 Si
861 3117 976 3187 spectes
1002 3106 1185 3179 distantiam,
1206 3129 1295 3189 quam
1337 3102 1382 3166 ὅτι
1408 3102 1481 3186 πρὸς
1512 3107 1635 3189 ἑσπέραν
1660 3108 1736 3169 ἐστὶν
1768 3110 1924 3168 coniuncta
1951 3108 2062 3166 faciunt
2090 3126 2156 3165 cum

476 3207 665 3270 Burcbardns
692 3206 750 3276 dat,
770 3204 814 3265 IV
836 3206 1002 3279 leucarum,
1029 3206 1058 3265 h.
1081 3207 1099 3267 1.
1123 3206 1227 3266 dicitur
1251 3227 1295 3266 re·
1337 3206 1523 3279 Robinsono,
1557 3211 1607 3288 qni
1632 3242 1674 3251 —
1701 3219 1733 3268 ut
1758 3208 1816 3266 hoc
1846 3216 2034 3285 exagetarum
2066 3223 2155 3264 causa

477 3328 547 3368 cens
576 3306 660 3365 locus
687 3304 886 3375 el-Kubsbeh‚
916 3306 967 3384 qui
996 3325 1061 3363 cum
1082 3306 1203 3384 antiqua
1225 3305 1294 3363 Em·
1338 3304 1446 3365 addam
1469 3308 1618 3366 —simili
1641 3308 1761 3385 sagacia
1782 3327 1829 3386 ap.
1846 3306 1909 3365 Ioh.
1929 3304 2020 3364 XIX.
2038 3310 2074 3364 14
2095 3322 2155 3360 non

476 3427 543 3467 mao
572 3405 708 3484 componi
729 3404 818 3481 vulgo
839 3404 928 3479 solet;
960 3402 1112 3463 sedidem
1133 3424 1189 3463 uec
1207 3404 1295 3463 Nico·
1339 3399 1376 3483 ς’,
1399 3401 1475 3483 ἕκτη,
1498 3406 1550 3465 sed
1570 3400 1595 3485 γ’
1618 3406 1731 3484 (τρίτη),
1752 3405 1831 3485 quod
1854 3415 1900 3466 est
1917 3425 1966 3484 ap.
1980 3402 2070 3461 Marc.
2086 3400 2155 3460 XV.

477 3507 553 3587 polis
575 3514 633 3571 est.
662 3524 757 3584 neque
777 3525 795 3562 a
816 3505 918 3582 ntiqua
940 3502 1009 3561 urbs
1030 3502 1186 3570 Emmaus.
1220 3525 1294 3583 quae
1339 3509 1392 3579 25,
1426 3505 1583 3582 legendum
1618 3528 1684 3566 esse
1716 3509 1841 3574 invenit,
1875 3523 1999 3564 monens
2028 3503 2156 3580 insuper,

477 3612 718 3666 commemoratur
746 3623 793 3680 ap.
822 3602 894 3660 Luc.
911 3600 1031 3661 XXIV.
1058 3607 1102 3663 13.
1145 3601 1190 3662 Of.
1213 3602 1294 3662 Tob-
1336 3604 1403 3662 Act.
1424 3604 1493 3664 VII.
1521 3612 1565 3666 ts.
1605 3600 1736 3684 Ἀβραὰμ
1762 3607 1821 3682 legi
1847 3625 1900 3684 pro
1923 3595 2156 3679 111κῶ661166-

476 3704 519 3764 ler
539 3704 617 3782 Top.
638 3701 798 3761 v.Jer.11.
823 3704 972 3762 538-45.
995 3722 1021 3760 v.
1039 3701 1167 3761 Raumer
1180 3723 1208 3781 p.
1229 3708 1294 3763 169.
1336 3704 1400 3760 nesi
1420 3702 1576 3764 XXXIII.
1601 3711 1637 3767 18
1663 3728 1705 3786 sq.
1733 3716 1762 3766 et
1786 3698 1928 3782 Ἰερεμίου
1957 3720 2066 3761 nomeu
2091 3697 2157 3756 reti·

539 3804 609 3874 548)
631 3799 794 3881 Nicopolis]
827 3799 982 3878 Antiquior
1003 3800 1155 3880 Nicopolis
1183 3810 1227 3861 est
1251 3820 1293 3859 re·
1336 3799 1465 3859 neudum
1494 3823 1559 3862 esse
1586 3824 1633 3884 ap.
1662 3805 1766 3865 Matth.
1797 3803 1931 3863 XXVII.
1957 3808 1986 3862 9.
2028 3797 2068 3857 V·
2097 3796 2157 3854 Ro·

477 3920 548 3960 cens
571 3901 706 3970 Amwis,
726 3898 804 3977 quod
827 3918 949 3969 nomen,
978 3900 1002 3956 si
1023 3898 1227 3958 Robinsonum
1249 3920 1293 3959 se·
1335 3898 1442 3960 binsou
1463 3901 1502 3959 N.
1525 3902 1558 3961 F.
1582 3924 1610 3982 p.
1636 3910 1691 3964 191
1714 3923 1742 3964 11.
1768 3909 1792 3962 1.

479 4000 591 4080 quatis,
608 3998 684 4057 idem
708 3995 850 4075 estquod
875 3999 1029 4068 mamare,
1052 4019 1145 4077 eaque
1165 3999 1230 4077 ipsa
1251 4008 1295 4058 est
1400 4005 1470 4072 549)
1493 4002 1645 4059 Bethoron
1667 4002 1804 4076 inferior]
1826 3999 2019 4060 BethHoron
2032 3996 2152 4073 antiqua

477 4097 619 4156 Emmaus
651 4096 716 4166 illa,
752 4116 827 4174 quae
864 4105 1106 4154 commemoratur
1144 4118 1191 4176 ap.
1220 4098 1293 4157 Luc.
1337 4108 1381 4156 est
1414 4119 1515 4157 recens
1543 4099 1609 4157 Beit
1636 4099 1689 4158 'Ur
1724 4099 1857 4158 et-tahta
1893 4098 1921 4169 (i.
1955 4118 1980 4154 e.
2014 4094 2154 4168 inferior),

478 4195 599 4258 XXIX.
627 4200 672 4255 13.
716 4194 811 4253 Abest
839 4193 956 4273 quidem
985 4195 1201 4274 Hierosolymis
1224 4199 1294 4254 Am·
1336 4216 1411 4274 quae
1440 4195 1626 4272 distinguitur
1653 4219 1671 4255 a
1691 4199 1758 4258 Bait
1786 4195 1840 4257 'Ur
1866 4195 1979 4256 el-foka
2005 4195 2035 4265 (i.
2058 4213 2081 4252 e.
2110 4211 2155 4249 su-

477 4298 538 4355 wds
556 4295 605 4354 XI
618 4295 709 4352 millia
723 4315 800 4373 pass.
820 4315 901 4365 rom,
922 4290 977 4372 7113
987 4293 1083 4362 horas,
1106 4294 1295 4366 etEmmaus,
1335 4295 1453 4372 perior),
1466 4315 1540 4373 quae
1556 4307 1600 4354 est
1615 4296 1855 4377 Hierosolymam
1873 4297 1947 4353 intcr
1967 4304 1996 4352 et
2010 4289 2156 4371 Lyddam.

476 4394 591 4471 vulgari
618 4395 775 4472 scriptione
801 4395 824 4450 si
853 4393 957 4463 utaris,
985 4391 1045 4450 LX
1066 4402 1178 4450 tantum
1201 4392 1296 4452 stadia
1400 4398 1470 4464 556)
1495 4395 1590 4470 Iasae]
1610 4395 1695 4456 XVI.
1719 4403 1746 4467 5,
1767 4395 1871 4452 XVII.
1895 4398 1941 4453 13.

478 4512 501 4553 a.
532 4490 587 4570 7¹l,
612 4492 704 4550 millia
733 4512 809 4570 pass.
831 4511 919 4563 rom.;
954 4490 1006 4549 sed
1028 4493 1145 4570 scriptio
1166 4492 1295 4568 vulgaris
1402 4496 1472 4564 551)
1494 4494 1725 4551 Maclabeorum
1747 4495 1777 4569 Ι]
1800 4493 1872 4552 VII.
1896 4497 1933 4552 39
1949 4511 2010 4569 sqq.
2032 4488 2089 4548 IX.
2109 4494 2157 4548 56.

479 4590 663 4671 repudianda
685 4600 740 4661 est,
762 4610 850 4669 quum
873 4610 944 4648 vera
965 4591 1098 4668 scriptio,
1126 4610 1214 4668 quam
1235 4599 1295 4650 tue·
1400 4593 1470 4661 552)
1492 4590 1716 4667 Curiatliarim]
1732 4592 1847 4651 Kiriath
1866 4592 2073 4662 Iearim,nunc
2088 4586 2158 4645 Abu

476 4699 523 4748 tur
554 4690 710 4747 auctoritas
739 4709 797 4746 non
828 4689 890 4746 sola
919 4688 1041 4747 duorum
1069 4688 1202 4747 codicum
1224 4692 1295 4748 auti·
1339 4685 1466 4747 Ghosch.
1503 4679 1844 4752 cf.RitrerxV1'.1os.
1886 4689 2039 4769 Robinson
2060 4687 2099 4744 N.
2121 4686 2156 4747 F.

478 4790 696 4872 quissimorurn,
725 4785 827 4866 Cyprii
849 4788 939 4845 scculi
961 4787 1009 4844 IX
1035 4797 1063 4845 et
1085 4786 1294 4847 Vindobonen·
1339 4808 1366 4865 p.
1378 4791 1497 4866 205sq,
1511 4809 1539 4847 v.
1551 4788 1680 4848 Raumer
1691 4812 1719 4869 p.
1736 4797 1799 4852 173.
1818 4770 1932 4847 Tobler
1945 4794 1971 4847 3.
1986 4785 2035 4842 W.
2051 4806 2080 4863 p.
2092 4788 2159 4843 169.

478 4881 527 4945 sis*
545 4885 684 4945 Caesarei
712 4886 803 4943 seculi
829 4885 905 4957 VII,
934 4895 963 4943 et
990 4887 1126 4957 aliorum,
1154 4906 1209 4945 uec
1237 4908 1295 4945 non
1402 4890 1472 4952 553)
1501 4889 1620 4964 Laetis]
1655 4909 1758 4949 recens
1788 4886 1985 4949 Um-Lalshis.
2032 4882 2069 4942 V.
2099 4900 2157 4939 van

476 4987 619 5044 versionis
642 4985 773 5064 syriacas
801 4983 1077 5063 hierosolymitanae
1105 4986 1195 5044 seculi
1217 4985 1243 5042 V
1269 4995 1297 5045 et
1339 4982 1375 5041 dc
1398 4983 1492 5044 Velde
1514 4985 1602 5045 Mem.
1626 4992 1692 5047 329.
1737 4987 1874 5048 Ceterum
1898 4987 1980 5044 locus
2002 4981 2049 5040 bic
2072 5000 2158 5058 prop·

478 5084 573 5143 Italae
595 5084 626 5152 Ι,
654 5083 815 5141 sedetiam
846 5083 955 5139 codicia
982 5083 1130 5155 sinaitici,
1164 5086 1201 5142 sit
1222 5081 1296 5142 ἕκα-
1339 5091 1383 5139 ter
1405 5084 1476 5140 initii
1495 5087 1643 5164 sequentis
1673 5086 1891 5145 similitudinem
1914 5081 1992 5162 apud
2016 5079 2058 5138 St.
2082 5079 2158 5137 exci-

476 5176 539 5242 τὸν
567 5179 713 5258 ἑξήκοντα.
758 5180 807 5238 Sic
835 5180 921 5256 igitur
948 5181 1104 5255 legendnm
1132 5193 1175 5242 est
1197 5185 1296 5243 Lucae
1339 5179 1416 5239 disse
1438 5181 1559 5242 videtur.

478 5282 597 5353 XXIV,
623 5286 672 5354 13,
702 5301 761 5338 11011
784 5272 929 5354 ἑξήκοντα.
973 5278 1059 5354 Quod
1088 5302 1140 5340 suo
1162 5284 1223 5341 iure
1245 5285 1295 5342 ite·
1403 5282 1473 5353 554)
1496 5284 1621 5340 alterius
1652 5304 1706 5360 que
1728 5292 1771 5340 est
1793 5283 1823 5339 in
1846 5279 2026 5355 Nepltalim]
2057 5276 2103 5337 Of.
2127 5299 2156 5334 v.

479 5400 542 5438 rum
571 5382 733 5458 iterumque
761 5375 911 5436 contendit
940 5376 1127 5438 Robinsonus
1150 5381 1214 5441 Pal.
1237 5383 1295 5441 III.
1338 5379 1467 5437 Raumer
1487 5401 1515 5458 p.
1542 5386 1597 5442 163
1620 5391 1679 5440 not.
1707 5386 1771 5440 166.

479 5483 536 5540 281
563 5500 606 5559 sq.
650 5479 695 5538 cf.
719 5478 757 5535 N.
778 5476 899 5535 Forsch.
922 5496 950 5553 p.
976 5479 1161 5550 191-196,
1191 5500 1296 5559 repug-
1403 5481 1473 5546 555)
1500 5481 1673 5537 Bethsames
1701 5478 1785 5552 Iade]
1817 5496 1894 5535 nunc
1915 5476 1981 5534 ’Ain
2005 5474 2154 5538 Schemcs.

478 5587 568 5636 nante
588 5576 705 5656 quidam
729 5574 941 5646 Vandcveldio,
963 5576 1011 5653 qui
1034 5577 1169 5647 (Memoir
1190 5600 1218 5657 p.
1237 5584 1295 5639 369
1338 5576 1374 5636 V.
1399 5576 1512 5635 Tobler
1533 5583 1559 5639 3.
1583 5577 1631 5638 W.
1653 5600 1681 5657 p.
1696 5582 1762 5646 181,
1784 5597 1842 5634 vau
1864 5575 1901 5633 de
1921 5574 2014 5632 Vclde
2034 5578 2156 5632 memoir

479 5678 533 5754 sq.)
556 5677 609 5733 iter
632 5674 705 5731 illud
727 5675 843 5751 longius
865 5673 954 5731 fuisse
976 5685 1090 5746 censet,
1111 5696 1198 5755 quam
1218 5676 1296 5755 quod
1339 5694 1368 5753 p.
1392 5679 1449 5735 297
1473 5695 1533 5754 sq.,
1555 5698 1580 5735 v.
1601 5676 1729 5733 Raumcr
1750 5697 1778 5754 p.
1804 5679 1869 5734 163.

480 5793 538 5831 11110
568 5771 614 5830 die
645 5772 689 5830 bis
717 5773 777 5830 fieri
805 5775 914 5851 possit,
942 5771 1020 5851 quod
1046 5786 1133 5849 negat
1152 5774 1297 5833 Robinso-
1404 5779 1474 5848 556)
1502 5777 1703 5851 Ramathaym
1727 5773 1855 5848 sophira]
1884 5771 2015 5849 Antiqua
2040 5769 2156 5830 Ramah

480 5891 543 5931 nus.
597 5871 666 5930 Mea
701 5871 816 5950 quidem
852 5873 996 5930 sententia
1027 5872 1119 5930 verba
1149 5893 1194 5951 ap.
1224 5873 1296 5934 Luc.
1340 5895 1362 5934 s.
1386 5874 1573 5932 Ramathaim
1594 5873 1718 5952 Zophim
1740 5868 1944 5930 Vandevcldio
1973 5877 2091 5929 auctore
2114 5880 2158 5929 est

479 5968 597 6030 XXIV.
631 5975 668 6029 33
699 5963 772 6051 αὐτῇ
802 5973 837 6052 τῇ
873 5964 933 6052 ὥρᾳ
962 5989 1026 6028 curn
1053 5972 1297 6049 praecedentibus
1340 5993 1442 6032 recena
1459 5972 1581 6043 ltameh,
1602 5992 1677 6050 quae
1699 5992 1786 6030 unam
1809 5989 1902 6050 prope
1924 5968 2026 6026 horam
2043 5979 2156 6048 septen·
