5334 6975
1103 1534 1507 1637 tucrum

1289 1785 1317 1843 S.

592 2023 762 2100 Tandem
799 2021 1000 2122 aliquando
1027 2021 1211 2122 Magistro
1239 2024 1458 2100 Thietmaro
1494 2039 1531 2100 et
1565 2021 1788 2099 Wilbrando
1827 2021 1873 2097 de
1906 2020 2140 2120 Oldenborg,

467 2202 561 2273 quos
587 2176 703 2249 lustro
727 2188 764 2249 et
790 2173 940 2272 longius
964 2184 1051 2247 ante
1078 2174 1280 2270 emisimus,
1308 2173 1445 2250 addere
1467 2174 1626 2273 contigit
1651 2171 1913 2248 Burchardum
1936 2172 1982 2248 de
2010 2171 2140 2246 Monte

468 2322 569 2419 Sion,
587 2324 785 2400 Ricoldum
804 2323 849 2398 de
865 2320 993 2397 Monte
1011 2322 1152 2419 Crucis,
1173 2321 1378 2398 Odorioum
1396 2323 1442 2399 de
1457 2326 1556 2399 Foro
1574 2324 1670 2419 Iulii,
1687 2320 1846 2422 denique
1863 2319 2139 2415 Wilbrandum,

467 2474 610 2549 iteratis
633 2476 731 2550 curis
756 2474 908 2549 editum.
958 2472 1127 2563 Quorum
1149 2473 1213 2571 qui
1236 2473 1411 2575 princeps
1438 2489 1505 2572 est,
1531 2473 1789 2569 BurcharduS,
1812 2472 2140 2573 peregrinatorum

467 2623 581 2698 medii
609 2626 703 2720 aevi,
731 2624 770 2698 id
797 2622 899 2723 quod
920 2623 1016 2697 inter
1037 2648 1168 2697 omnes
1196 2636 1355 2719 constat,
1380 2634 1574 2715 κορυφαῖος,
1604 2624 1776 2725 quamvis
1799 2622 2048 2723 geographia,
2075 2620 2142 2720 qui

467 2800 564 2849 nuno
592 2773 641 2849 ad
665 2774 920 2849 Palaestinam
945 2771 1216 2872 explorandam
1242 2800 1282 2848 se
1310 2775 1613 2874 applicaverunt,
1649 2773 1824 2851 omnibus
1850 2773 2070 2848 notissimus
2102 2783 2140 2845 et

466 2924 580 2998 vicies
605 2925 766 3024 amplius
793 2923 913 2998 editus
941 2923 998 3018 sit,
1025 2923 1105 3022 ipse
1133 2910 1269 3018 tamen,
1297 2924 1399 3023 quod
1421 2926 1485 2999 vix
1510 2926 1705 3020 credibile,
1733 2952 1886 3025 prorsus
1912 2922 2078 2998 nondum
2101 2920 2141 2993 in

466 3076 589 3149 lucem
609 3074 767 3175 prodiit,
797 3074 902 3148 cuius
928 3073 1064 3147 umbra
1086 3088 1233 3147 tantum
1258 3086 1296 3149 et
1321 3075 1449 3175 imago
1478 3074 1691 3150 deformata
1717 3074 1840 3149 adhuc
1865 3101 1935 3149 nos
1971 3072 2141 3169 aliosque

464 3225 604 3299 luserit.
656 3221 940 3324 Staphorstiano
968 3223 1129 3317 demum,
1154 3224 1218 3322 qui
1236 3224 1451 3325 Hamburgi
1474 3239 1696 3319 asservatur,
1724 3225 1845 3299 codici
1871 3222 2028 3298 debetur
2049 3223 2142 3296 Bur-

465 3373 626 3452 chardus
659 3375 844 3473 genuinus
877 3388 915 3448 et
945 3373 1191 3473 incorruptus.
1250 3374 1349 3450 Ecce
1381 3376 1495 3476 igitur
1523 3377 1804 3469 thesaurorum,
1838 3372 1974 3473 quibus
2005 3371 2142 3446 biblio-

403 3622 407 3629 ·
465 3527 576 3601 theca
605 3525 891 3623 hamburgensis
924 3524 1077 3624 publica
1103 3526 1254 3624 gaudet,
1281 3554 1421 3602 novum
1454 3527 1661 3628 specirnenl
1703 3527 1827 3625 Atque
1863 3525 1958 3599 haec
1991 3521 2143 3622 quidem

465 3702 580 3751 causa
605 3674 828 3770 accedebat,
863 3700 929 3750 cur
950 3675 1122 3774 equidem
1148 3675 1449 3777 Hamburgensis
1475 3706 1551 3754 non
1576 3679 1698 3754 solum
1723 3676 1865 3751 itineris
1892 3672 2142 3788 descriptioni,

465 3825 533 3901 sed
563 3826 677 3900 etiam
711 3825 810 3901 vitae
835 3825 1041 3899 Burchardi
1074 3828 1387 3927 pervestigandae
1412 3854 1498 3903 cum
1525 3855 1672 3903 summa
1698 3828 1813 3902 animi
1840 3841 1877 3902 et
1903 3824 2142 3901 contentione

466 3989 503 4051 et
536 3975 787 4050 oblectatione
808 3974 1075 4051 incumberem.
1134 3976 1325 4053 Laetabor
1353 3979 1535 4079 profecto,
1562 3980 1604 4075 si,
1627 3989 1730 4079 {quae
1757 3978 1803 4053 de
1829 3993 1954 4078 gente,
1980 3974 2142 4069 nomine,

464 4139 633 4225 tempore
672 4124 863 4224 scriptoris
905 4125 998 4199 mihi
1037 4125 1168 4202 videor
1196 4130 1429 4228 explorasse,
1469 4128 1614 4205 idoneis
1647 4128 1832 4203 iudicibus
1871 4124 2142 4227 probabuntur.

463 4275 571 4351 Haeo
595 4275 668 4350 hoo
694 4277 778 4350 loco
806 4274 852 4349 de
883 4275 1101 4350 Burchardo
1135 4277 1286 4376 quidem
1321 4280 1524 4376 sufficiant;
1558 4279 1668 4380 plura
1701 4277 1942 4378 exposuimus
1972 4275 2011 4349 in
2034 4298 2143 4374 prae-

465 4426 624 4521 fatione,
664 4450 777 4523 quam
814 4425 912 4499 libro
946 4425 1018 4525 ipsi
1049 4429 1328 4525 praemisimus,
1363 4430 1527 4530 speciali.
1586 4429 1672 4504 Hoc
1705 4443 1852 4504 tantum
1885 4426 2023 4502 addere
2057 4437 2094 4498 et
2120 4449 2144 4497 a

464 4574 572 4651 vobis
599 4588 723 4650 vestra
748 4599 842 4675 pace
864 4586 991 4674 petere
1017 4575 1147 4651 liceat:
1170 4579 1430 4654 Burchardum
1455 4607 1581 4655 meum
1605 4594 1745 4655 utnon
1769 4577 1993 4678 comparetis
2021 4576 2144 4650 solum

464 4725 590 4820 vobis,
622 4723 690 4802 scd
713 4737 751 4799 et
774 4725 924 4825 legatis3
958 4752 1034 4799 non
1062 4726 1198 4826 legatis
1223 4731 1356 4827 solum,
1384 4730 1450 4805 sed
1476 4732 1559 4805 aliis
1586 4732 1701 4806 etiam
1727 4728 1929 4829 legendum
1954 4752 2143 4803 commen-

464 4875 576 4972 detis3
608 4875 751 4949 fructus
777 4902 854 4950 non
876 4874 1041 4950 deerunt.

590 5025 850 5099 Burchardum
862 5052 938 5099 non
957 5038 1123 5124 aequant
1140 5026 1291 5125 quidem
1313 5029 1493 5105 Ricoldus
1518 5042 1556 5104 et
1569 5027 1765 5124 Odoricus,
1792 5027 1858 5103 sed
1883 5041 2011 5104 tamen
2038 5028 2145 5129 digni

465 5189 569 5262 sunt,
602 5175 666 5274 qui
693 5174 856 5250 secundo
872 5188 969 5275 ‘post
991 5175 1117 5275 ipsum
1149 5178 1236 5252 loco
1267 5193 1466 5278 ponantur.
1519 5177 1614 5254 Sunt
1647 5180 1747 5255 enim
1780 5179 1972 5254 itineraria
2006 5181 2074 5255 illa
2107 5193 2144 5254 et

463 5325 625 5400 utilitate
652 5338 690 5399 et
715 5326 908 5425 voluptate
934 5324 1134 5401 uberrima.

592 5474 740 5549 Ricoldi
765 5474 811 5550 de
833 5473 963 5550 Monte
989 5476 1119 5551 Omcis
1143 5477 1377 5553 itinerarium
1394 5505 1518 5554 rerum
1542 5481 1784 5580 colorumque
1810 5481 1991 5556 varietate
2018 5479 2144 5554 multl-

461 5624 551 5724 plex
578 5624 643 5723 qui
668 5626 903 5725 cognoverit,
937 5627 1049 5702 facile
1075 5627 1277 5729 intelliget,
1307 5655 1374 5704 cur
1407 5642 1444 5705 et
1465 5631 1726 5730 Franoogalli,
1749 5645 1786 5706 et
1811 5633 1898 5706 Itali
1923 5633 2145 5733 interpreta-

461 5774 584 5849 tiones
612 5774 691 5849 eius
716 5801 794 5850 non
820 5776 942 5850 solum
969 5779 1217 5875 confecerint,
1252 5778 1319 5855 sed
1351 5781 1464 5855 etiam
1493 5781 1648 5880 picturis
1680 5782 1912 5858 nitidissimis
1946 5766 2141 5863 001Ιῶιῖ-

460 5924 553 6021 rint3
579 5949 700 6023 neque
724 5952 800 6000 non
824 5925 1037 6022 mirabitur,
1068 5928 1169 6028 quod
1194 5929 1338 6005 adhoc
1364 5957 1482 6031 usque
1508 5948 1657 6033 tempus
1688 5933 1856 6008 nondum
1882 5933 1997 6009 latine
2034 5934 2082 6010 sit
2105 5935 2145 6010 in
