5334 6975
1342 662 1397 722 124

500 833 516 951 Ξ
659 841 708 905 lbi
731 840 938 905 ostendcrrmt
959 839 1053 903 nobis
1077 847 1229 919 montem,
1253 838 1307 902 vbi
1330 843 1418 905 stetit
1438 842 1549 922 Ionas,
1575 852 1606 904 et
1625 841 1757 920 fontem,
1781 839 1821 904 de
1842 863 1904 925 quo
1927 840 2069 905 bibebat
2112 841 2207 907 Vnde

501 969 566 1029 5et
597 979 698 1042 vsque
726 956 821 1020 hodie
850 954 968 1022 dicitur
994 955 1066 1019 fons
1087 955 1174 1018 Ione.
1217 953 1295 1039 Ipsa
1316 977 1393 1021 vero
1416 959 1530 1021 ciuitas
1551 954 1693 1020 totaliter
1716 954 1873 1019 subuersa
1895 968 1959 1038 est,
1993 968 2024 1021 et
2047 969 2206 1044 apparent

500 1095 516 1144 o
535 1074 628 1158 signa
651 1084 682 1136 et
703 1072 862 1135 fortilieia.
895 1071 956 1134 Est
977 1081 1085 1133 autem
1107 1092 1191 1133 nune
1213 1069 1399 1135 reedificata
1414 1096 1454 1136 cx
1471 1071 1535 1136 alia
1549 1081 1642 1157 parte
1658 1070 1807 1153 fluminis,
1824 1084 1855 1136 et
1870 1072 1986 1136 dic-itur
2004 1075 2205 1151 aromatum

500 1175 514 1222 'l

500 1241 516 1292 8
658 1187 728 1251 Rex
758 1188 898 1250 ciuitatis
928 1197 975 1250 est
998 1185 1218 1266 Christianus,
1241 1186 1432 1252 Nestorinus
1454 1197 1570 1251 tamen.
1615 1186 1678 1266 Qui
1701 1184 1838 1251 libenter
1861 1188 1985 1252 audiuit
2007 1187 2205 1274 predicacio-

533 1327 606 1368 nem
630 1315 661 1368 et
681 1303 788 1384 fidem,
813 1303 870 1366 sed
896 1326 959 1365 non
982 1302 1120 1364 mutauit
1141 1303 1248 1364 ritum.

500 1429 515 1476 o
656 1418 705 1482 Ihi
726 1431 799 1482 sum
819 1418 909 1482 multi
930 1416 1041 1498 Iudei,
1064 1427 1095 1479 et
1117 1418 1252 1480 vicimus
1274 1440 1327 1482 cos
1351 1419 1482 1504 publica
1504 1418 1727 1503 disputacione
1749 1422 1782 1481 in
1804 1441 1973 1504 synagoga
1995 1442 2118 1484 eorum.

1103 1615 1206 1678 XVII.
1248 1615 1311 1677 DE
1333 1615 1554 1680 incolimus
1572 1619 1634 1692 ¹⁴¹).

503 1767 513 1815 ¹
658 1765 755 1829 quta
786 1766 919 1829 eandem
951 1767 1112 1828 ciuitatem
1145 1788 1244 1851 supra
1268 1765 1401 1829 fluuium
1425 1765 1570 1851 paradisi
1594 1777 1641 1829 est
1660 1767 1953 1829 nominatissimum
1976 1777 2006 1830 et
2028 1768 2205 1832 famosissi-

498 1852 623 1968 {mum
645 1883 876 1944 monasterium
898 1883 999 1944 sancti
1024 1881 1145 1946 hlathei
1166 1881 1304 1967 apostoli
1323 1884 1387 1959 ΗἸ).
1430 1881 1480 1944 lbi
1501 1892 1548 1944 cst
1571 1880 1662 1944 sedes
1684 1880 1870 1967 patriarche
1893 1880 2130 1948 Iacobinorum.
2163 1883 2207 1948 Et

501 1996 647 2067 adicunt
665 1996 710 2059 ibi
733 2019 803 2059 esse
825 2008 983 2060 trecentos
1006 1996 1189 2060 monachos.
1233 1997 1285 2061 Ad
1308 2021 1387 2082 quos
1411 1998 1616 2077 accedenteS,
1639 1998 1820 2061 inuenimus
1841 2019 1896 2061 cos
1917 1996 2064 2064 homiues
2088 2023 2206 2085 magne

501 2110 732 2179 aabstincncic
763 2123 794 2175 et
821 2112 919 2175 multo
948 2113 1117 2176 oracionis,
1162 2114 1244 2175 Nam
1268 2114 1353 2176 omni
1377 2112 1429 2175 die
1452 2124 1559 2197 preter
1582 2112 1717 2176 ecclesie
1738 2113 1895 2194 officium,
1923 2114 2009 2198 quod
2039 2126 2088 2180 est
2109 2117 2205 2183 valde

500 2227 710 2311 oprolixnm,
739 2228 889 2292 dicebant
910 2239 1010 2292 totam
1033 2228 1174 2292 (illiciam
1198 2228 1321 2292 stando.
1368 2227 1449 2291 Sunt
1471 2251 1547 2291 voro
1569 2228 1718 2310 heretici,
1746 2229 1889 2292 dicentes
1919 2231 1951 2292 in
1974 2230 2105 2296 Christo
2135 2256 2205 2298 esse

533 2364 630 2406 vnam
662 2344 899 2424 substanciam,
933 2367 1028 2407 vnam
1057 2357 1206 2408 naturam
1237 2355 1268 2407 et
1294 2366 1391 2406 arnam
1421 2342 1618 2407 soluntatem
1640 2355 1672 2406 et
1693 2368 1788 2408 vnam
1810 2347 2051 2430 operacionem,
2083 2348 2207 2414 scilicet

531 2471 663 2540 tantum,
687 2471 717 2522 ct
742 2482 843 2546 neque
866 2459 1032 2544 baptisant
1055 2461 1088 2522 in
1109 2460 1215 2522 forma
1235 2459 1368 2523 ecclesie
1391 2482 1447 2522 scu
1467 2460 1501 2521 in
1522 2461 1625 2523 l'orma
1647 2459 1816 2545 euangelii,
1839 2460 1896 2524 sed
1918 2460 2047 2526 dicrmt:
2072 2463 2204 2549 „Bapti-

531 2587 621 2639 aetur
642 2577 682 2640 N.
711 2578 745 2638 iu
774 2577 1064 2639 sanctiticacionem
1096 2587 1127 2639 ot
1156 2576 1371 2640 saluarionem
1396 2586 1425 2637 ct
1446 2576 1478 2637 iu
1500 2578 1725 2660 operacionem
1753 2577 1822 2639 sine
1844 2576 1970 2640 defectu
1992 2591 2024 2641 et
2045 2580 2079 2642 in
2100 2602 2205 2644 resur·

499 2693 706 2757 tractionem
730 2691 947 2766 benedictam,
979 2714 1041 2777 quc
1068 2704 1116 2755 est
1138 2691 1177 2755 de
1199 2694 1333 2754 mortuis
1356 2692 1389 2754 in
1411 2693 1510 2754 vitam
1535 2702 1685 2754 eternam.
1728 2692 1765 2754 ln
1789 2695 1915 2756 nomine
1938 2692 2062 2757 Patris!
2095 2717 2204 2779 amen3

532 2809 564 2870 in
587 2809 714 2871 nominc
736 2807 827 2870 Filii!
853 2829 961 2888 amen,
984 2809 1017 2870 in
1038 2809 1166 2870 nomine
1189 2809 1329 2892 Spiritus
1352 2808 1472 2884 Sancti,
1496 2808 1561 2869 vite
1585 2806 1682 2869 seetdi
1705 2806 1932 2871 seculorum!“

499 2932 514 2981 8
658 2923 841 2988 Corrtieiunt
864 2935 970 2986 autem
993 2921 1032 2985 dc
1052 2923 1254 3002 sermentato,
1278 2935 1307 2986 et
1332 2924 1540 2986 commiscent
1562 2921 1707 2986 similiter
1729 2924 1877 3003 farinam,
1901 2947 2029 3010 aquam,
2051 2925 2153 2990 salem
2174 2938 2206 2992 et

499 3038 647 3114 solemn,
669 3049 700 3104 et
722 3039 762 3103 de
783 3039 840 3102 tali
863 3037 1036 3102 celebrant.
1069 3039 1137 3101 Nec
1161 3051 1296 3123 possunt
1318 3038 1483 3102 celebrare
1505 3041 1567 3101 nisi
1591 3038 1631 3102 de
1653 3061 1737 3123 pane
1759 3039 1864 3102 calido
1887 3040 1937 3103 vel
1956 3039 2051 3103 valde
2072 3046 2203 3107 recenti.

482 3136 513 3253 l?
655 3157 818 3240 Inungunt
840 3167 947 3218 autem
969 3167 1128 3218 mortuum
1149 3154 1218 3218 eleo
1241 3165 1362 3234 sancto,
1385 3155 1513 3238 quando
1529 3153 1690 3240 sepelitur,
1713 3178 1776 3218 non
1797 3164 1904 3218 autem
1918 3156 2090 3221 infirmum.
2127 3159 2205 3224 Post

531 3275 660 3336 tertium
683 3295 760 3335 vero
783 3271 867 3334 diem
892 3270 1055 3357 sepulture
1076 3269 1246 3333 infundunt
1270 3293 1370 3355 srtpra
1391 3283 1550 3335 mortaum
1573 3294 1690 3356 aquam
1709 3293 1875 3334 rosaceam
1894 3283 1925 3334 et
1939 3272 2098 3357 quasdam
2113 3286 2203 3360 pota·

531 3390 648 3462 rienes,
671 3402 706 3451 vt
727 3399 872 3451 mortuus
894 3386 986 3449 bibat
1007 3400 1037 3450 et
1060 3388 1169 3450 anima
1186 3385 1316 3449 recedat
1337 3386 1380 3448 ad
1397 3385 1501 3450 locum
1522 3410 1623 3467 surnn,
1647 3399 1678 3449 et
1695 3386 1845 3471 desperet
1858 3387 2006 3453 ammodo
2021 3391 2076 3466 ¹⁴³)
2097 3391 2203 3455 redire

530 3528 627 3590 posse
650 3504 692 3567 ad
715 3506 824 3584 vitam,
848 3526 944 3586 quam
967 3525 1068 3588 vsque
1090 3513 1165 3564 tmre
1188 3502 1297 3565 dicunt
1320 3517 1494 3586 expectare
1507 3552 1515 3583 ,
1543 3514 1576 3566 vt
1598 3526 1654 3565 suo
1678 3505 1805 3587 corpori
1828 3507 2060 3587 coniungatur3
2090 3519 2204 3592 postea

483 3639 512 3688 11
530 3643 607 3684 vcro
628 3619 771 3683 totaliter
793 3618 944 3703 desperat
970 3617 1075 3681 redire
1097 3630 1128 3681 et
1149 3619 1278 3682 rccedit.
1303 3655 1343 3662 -
1367 3619 1504 3682 Peccata
1528 3642 1591 3682 non
1615 3618 1803 3682 confitentur
1825 3622 1886 3683 nisi
1910 3619 1970 3683 soli
1984 3621 2067 3701 Deo,
2090 3635 2123 3686 et
2143 3623 2203 3688 hoo

483 3754 512 3803 13
530 3738 563 3799 iu
584 3735 739 3820 generali.
781 3732 872 3795 Alios
894 3732 1035 3797 infinitos
1060 3757 1186 3797 errores
1209 3732 1341 3796 habent.

483 3863 513 3912 11
656 3852 722 3915 Nos
753 3859 858 3914 autem
888 3851 920 3912 in
950 3873 1058 3913 corum
1089 3850 1285 3913 monasterio
1307 3870 1370 3911 non
1394 3859 1583 3933 receperunt
1610 3860 1644 3912 a
1666 3848 1825 3931 hominos,
1855 3849 1914 3913 sed
1933 3863 1969 3914 vt
1990 3853 2141 3937 angeles,
2172 3866 2202 3920 et

483 3983 512 4033 15
530 3968 709 4033 narrabant
730 3968 823 4032 nobis
846 3965 1012 4047 miracula,
1032 3988 1093 4049 que
1117 3976 1226 4051 patres
1248 3976 1278 4027 et
1300 3964 1448 4027 monachi
1471 3987 1580 4028 eorum
1602 3967 1635 4028 in
1657 3964 1726 4029 leco
1748 3965 1803 4028 ille
1819 3966 1971 4030 fecerunt..
2006 3966 2049 4032 Et
2062 3973 2202 4036 maxime

530 4109 628 4148 vnum
657 4082 786 4147 oculata
807 4083 870 4146 lide
891 4082 983 4146 nohis
1004 4082 1228 4160 ostenderunt,
1252 4079 1337 4166 quod
1360 4103 1423 4145 nou
1446 4083 1478 4143 in
1502 4079 1664 4161 clanculo,
1689 4080 1745 4145 sed
1767 4081 1935 4144 manifeste
1958 4086 2102 4169 contigit.
2147 4086 2200 4151 Se

530 4201 592 4265 mel
614 4203 697 4264 enim
720 4202 908 4285 congregati
930 4199 1031 4279 Curti,
1055 4198 1094 4261 dc
1117 4197 1234 4281 quibus
1257 4198 1404 4281 superius
1424 4196 1559 4260 fecimus
1582 4199 1791 4277 mencionem,
1812 4198 1955 4261 lecerunt
1977 4203 2157 4265 exereitum
2172 4214 2201 4267 et

530 4316 726 4381 obsederunt
747 4316 988 4395 monasterium,
1013 4324 1135 4378 etcum
1158 4311 1257 4377 nichil
1283 4325 1414 4398 possent
1437 4311 1623 4396 prcualcre,
1645 4314 1722 4396 quia
1744 4324 1814 4376 erat
1836 4314 2106 4398 inexpugnabile,
2129 4319 2200 4382 irati

530 4433 622 4497 Curti
646 4431 859 4494 ascenderunt.
882 4453 979 4516 sapor
1002 4452 1154 4514 magnum
1173 4441 1330 4510 traintem,
1354 4430 1407 4514 qui
1431 4441 1479 4490 est
1502 4449 1598 4511 saper
1621 4431 1869 4509 monasterium,
1892 4441 1923 4493 et
1945 4429 2114 4496 diruerunt
2136 4456 2200 4497 ma-

529 4549 653 4610 ximum
676 4570 788 4608 saxum
812 4568 871 4630 per
892 4557 1042 4626 montem,
1066 4558 1100 4607 vt.
1122 4546 1247 4608 veniret
1269 4556 1355 4609 recto
1379 4568 1476 4608 cursu
1500 4565 1599 4629 supra
1622 4547 1864 4624 monasterium,
1887 4556 1922 4608 vt
1937 4547 2044 4631 ipsum
2059 4547 2201 4613 dirueret

481 4684 511 4735 16
530 4674 561 4727 et
590 4661 764 4726 monachos
792 4662 961 4725 occideret.
1004 4660 1191 4724 Prodictum
1220 4671 1329 4723 autem
1358 4683 1452 4725 eursu
1483 4662 1634 4745 precipiti
1657 4662 1722 4723 ruit
1743 4663 1775 4724 in
1798 4664 1984 4725 monasterii
2010 4686 2137 4727 murum
2158 4665 2199 4729 al-

529 4789 596 4843 tum
626 4788 657 4841 et
684 4780 816 4853 tortam,
854 4789 885 4840 ct
911 4777 1032 4840 nullum
1063 4777 1238 4862 dampnum
1271 4778 1364 4857 lecit,
1402 4775 1458 4838 sed
1486 4776 1583 4860 fregit
1611 4776 1651 4839 de
1681 4799 1772 4839 muro
1797 4789 1950 4862 quantum
1980 4790 2140 4843 muratum
2168 4783 2199 4844 in

482 4917 510 4966 ιτ
529 4897 705 4975 marom),
733 4905 768 4956 vt
795 4895 865 4978 ipse
892 4916 1003 4956 murus
1030 4893 1148 4956 l'orcior
1179 4904 1271 4957 essct.
1321 4892 1402 4958 Cam
1432 4903 1537 4956 autem
1567 4891 1628 4955 hoc
1658 4892 1805 4955 viderent
1836 4894 2030 4957 ferocissimi
2057 4895 2199 4960 hemines

480 5030 511 5080 18
530 5010 638 5092 Curti,
667 5021 885 5087 recesserunt,
912 5031 971 5071 nce
994 5012 1064 5072 arisi
1087 5021 1160 5072 sinit
1182 5007 1320 5094 amplius
1343 5008 1459 5071 redire..
1505 5007 1570 5069 Nos
1594 5018 1700 5070 autem
1723 5030 1849 5072 murum
1870 5008 2011 5073 vidimus
2034 5021 2067 5073 ct
2088 5034 2200 5075 saxum

529 5128 562 5190 in
587 5150 678 5189 muro
699 5149 762 5188 non
782 5128 845 5188 iam
864 5127 955 5188 iuxta
977 5139 1108 5203 terram,
1128 5124 1184 5187 sed
1206 5127 1237 5186 iu
1261 5123 1360 5187 altum
1382 5126 1414 5186 in
1437 5146 1538 5203 mmo,
1561 5136 1596 5186 vt
1613 5126 1691 5186 satis
1705 5124 1830 5188 oculata
1847 5125 1910 5187 fide
1927 5137 2095 5211 appareat,
2119 5125 2201 5213 quod

528 5265 592 5307 non
616 5264 712 5326 opero
734 5237 885 5321 lrumano,
906 5240 962 5304 scd
985 5241 1140 5305 miraculo
1164 5240 1273 5304 diuino
1296 5240 1343 5303 ibi
1364 5240 1528 5302 remansit.

478 5334 511 5451 ἐξ
653 5354 756 5418 Multa
776 5355 840 5418 dlia
863 5357 1018 5421 miracula
1038 5356 1218 5420 narrabant
1237 5355 1347 5436 nohis,
1382 5378 1443 5440 quc
1466 5353 1596 5439 longum
1626 5368 1710 5419 esset
1732 5380 1895 5421 enarrare.
1939 5357 2005 5420 Nos
2028 5370 2134 5421 autem
2155 5359 2200 5420 in·

594 5544 662 5613 140)
685 5539 721 5598 In
742 5540 871 5611 margine
898 5541 1015 5617 legitur:
1046 5544 1180 5611 attona-at,
1204 5543 1222 5600 i.
1244 5564 1266 5601 e.
1288 5545 1343 5599 Ni·
1453 5544 1519 5612 112)
1544 5541 1658 5597 ΜαΗιοὶ
1679 5542 1813 5616 apostoli]
1842 5541 1876 5602 V.
1899 5540 2002 5599 Ritteri
2024 5561 2124 5620 geogr.
2146 5541 2200 5605 IX.

529 5640 604 5703 niue,
627 5643 662 5697 de
683 5639 786 5714 quibas
800 5641 926 5696 alarcos
943 5642 1016 5697 libro
1033 5644 1132 5715 priore
1154 5641 1250 5714 capite
1271 5643 1343 5699 XV.
1388 5645 1445 5700 735
1466 5661 1528 5718 sqq.

528 5738 662 5798 Ceterum
687 5738 803 5795 Monsal
825 5758 888 5797 esse
909 5749 1056 5798 recentem
1080 5738 1174 5796 hlosal
1197 5740 1343 5797 neminem
1455 5741 1522 5810 113)
1545 5738 1681 5813 narmodo]
1705 5736 1825 5808 dehinc,
1846 5737 1993 5817 deinceps.

527 5838 607 5915 fugit.
1453 5839 1520 5908 111)
1545 5836 1636 5911 irrora]
1660 5837 1738 5895 llicit
1761 5836 1920 5908 Ricoldus,
1954 5845 1984 5893 ut
2006 5834 2134 5910 videtur,
2156 5856 2199 5896 sa·

592 5943 661 6010 141)
685 5936 830 5995 laeohitis⁴
1387 5954 1454 5991 xum
1477 5954 1557 5991 muro
1580 5935 1673 5993 fracto
1696 5936 1814 5993 infixam
1834 5937 2002 5995 inhaesisse.
