5334 6975
1338 635 1393 696 130

530 813 693 899 episcopi,
724 810 959 898 archiepiscopi
986 823 1018 875 et
1038 810 1224 897 patriarche
1245 812 1278 874 16
1301 823 1490 898 perpetuum
1512 835 1576 876 666
1604 812 1775 877 comedunt
1798 834 1911 878 carnes
1933 836 1993 878 666
2015 812 2198 879 condimen·

530 941 597 992 tum
620 928 775 1007 carnium,
796 949 855 990 nee
875 928 977 991 eciam
999 949 1059 1014 pro
1080 925 1267 990 infirmitate
1288 926 1426 991 mortali.

479 1060 511 1110 62
653 1043 691 1107 In
713 1040 825 1105 habitu
847 1042 916 1106 siue
937 1044 970 1105 in
993 1043 1203 1105 restitutam
1225 1041 1368 1126 religiosi
1391 1064 1488 1128 quam
1511 1042 1654 1127 episcopi
1677 1067 1786 1108 eorum
1803 1065 1956 1128 magnam
1974 1055 2199 1131 paupertatem

480 1172 512 1223 63
530 1169 562 1222 et
589 1159 808 1222 austeritatem
838 1169 868 1220 et
896 1157 1109 1222 humilitatem
1138 1155 1319 1221 ostendunt.
1362 1157 1400 1220 In
1429 1156 1679 1243 quadragesima
1707 1160 1851 1223 ieiunant
1872 1171 1939 1223 tam
1961 1162 1995 1224 in
2015 1160 2199 1240 Dominiea,

480 1291 511 1340 et
531 1297 627 1360 quarn
658 1275 691 1335 16
719 1272 791 1336 61116
823 1272 945 1336 diebus.
988 1272 1141 1336 Similiter
1166 1273 1326 1336 Nestorini
1361 1294 1457 1357 quam
1479 1272 1625 1336 lacobini
1654 1276 1687 1336 16
1717 1274 1969 1360 quadragesima
1999 1297 2111 1339 omnes
2133 1287 2199 1338 tam

530 1389 674 1474 religiosi
701 1410 798 1475 quam
827 1389 989 1453 seculares
1016 1387 1102 1452 nullo
1131 1387 1226 1452 modo
1255 1387 1460 1452 comederent
1487 1388 1593 1473 pisces
1625 1410 1683 1452 nee
1712 1388 1859 1453 biberent
1881 1392 2007 1471 vinum,
2036 1390 2100 1456 alio
2122 1412 2199 1456 vero

394 1489 399 1496 ⁸
478 1516 511 1566 66
530 1517 675 1589 tempore
703 1504 892 1568 ebrietatem
918 1528 981 1567 666
1008 1513 1159 1589 66666666
1191 1515 1375 1589 peceatum,
1404 1502 1461 1566 sed
1490 1503 1699 1567 honorificum
1732 1505 1817 1591 quid.
1868 1505 2076 1571 Mendacium
2106 1508 2200 1593 quasi

529 1620 625 1684 nichil
648 1631 807 1705 reputant.

478 1749 510 1798 66
653 1736 807 1799 Errorem
830 1749 935 1798 autem
958 1758 1066 1799 eorum
1088 1734 1264 1799 defendunt
1286 1757 1328 1797 cx
1351 1734 1493 1799 duobus:
1517 1736 1621 1820 prime
1645 1738 1722 1822 quia
1739 1737 1858 1812 dicunt,
1881 1736 1968 1822 quod
1982 1737 2073 1801 multi
2089 1760 2199 1802 eorum

479 1850 650 1919 dehabent
672 1853 819 1937 spiritum
841 1851 1022 1936 prophecie.
1065 1850 1109 1914 Et
1132 1850 1171 1914 de
1192 1851 1309 1913 t'uturis
1330 1849 1431 1913 multa
1454 1872 1531 1914 vera
1552 1849 1738 1936 predicunt,
1769 1862 1801 1914 et
1821 1851 1881 1916 hec
1904 1851 2014 1937 prodrl
2038 1852 2137 1916 dubio
2160 1852 2199 1916 de

479 1986 511 2037 os
529 1966 690 2052 aliquibus
712 1989 770 2051 per
791 1967 1028 2051 experieueiam
1050 1989 1162 2029 verum
1186 1988 1256 2029 esse
1279 1964 1498 2051 probauimus.
1533 1963 1681 2030 Secundo
1704 1965 1824 2048 (116666,
1846 1969 1921 2052 quia
1941 1967 2035 2031 multi
2057 1969 2197 2032 maiores

479 2105 511 2152 66
530 2105 640 2146 eorum
668 2081 768 2145 multa
796 2081 951 2145 miracula
976 2082 1107 2146 iaciunt.
1151 2081 1232 2144 Nam
1261 2079 1349 2165 apud
1377 2102 1432 2143 666
1455 2081 1668 2144 certissimum
1691 2091 1822 2166 putant,
1851 2081 1937 2167 quod
1965 2105 2063 2168 super
2086 2083 2199 2147 Nesto-

480 2199 611 2268 7661666
640 2196 694 2260 lux
727 2197 766 2262 (16
793 2198 861 2262 6616
892 2197 1061 2261 visibiliter
1091 2196 1273 2278 deseendit,
1301 2194 1430 2282 (6666616
1458 2194 1643 2259 celebrabat
1673 2198 1815 2262 missam.
1858 2198 1926 2283 Ipsi
1950 2208 2057 2262 autem
2079 2199 2199 2279 dicunt,

531 2312 615 2399 quod
645 2313 831 2398 patriarcha
852 2336 978 2394 eorum,
1010 2336 1104 2398 quem
1128 2315 1192 2398 ipsi
1213 2323 1330 2375 vocant
1353 2314 1469 2392 1666716,
1502 2309 1589 2395 qued
1618 2314 1850 2397 iuterpretatur
1873 2320 2050 2375 aniversalis
2067 2314 2138 2394 ¹³5,
2166 2314 2199 2378 16

531 2443 699 2508 momento,
721 2431 753 2491 in
770 2431 836 2492 ictu
859 2427 942 2492 oculi
963 2430 1021 2491 iuit
1043 2427 1083 2491 (16
1096 2427 1251 2507 Baldaco,
1273 2425 1329 2490 vbi
1352 2440 1400 2489 est
1423 2425 1515 2490 sedes
1537 2427 1615 2503 eius,
1637 2450 1739 2513 esque
1755 2430 1787 2491 16
1803 2428 1961 2510 blecham,
1984 2429 2039 2493 vbi
2055 2428 2199 2515 sepultus

480 2537 511 2658 g
530 2560 578 2607 ost
600 2543 830 2607 Machornctus.
873 2544 983 2607 Distat
1003 2543 1119 2607 Meeha
1139 2567 1158 2606 a
1179 2542 1323 2607 Baldaco
1346 2541 1417 2627 plus
1443 2564 1538 2627 quam
1570 2543 1705 2627 triginta
1727 2542 1841 2607 dietas.
1885 2543 1927 2607 Et
1954 2543 2055 2608 multa
2079 2543 2197 2608 similia

529 2658 686 2723 miracula
707 2659 849 2722 referunt
873 2659 1034 2723 Nestoriui
1058 2659 1097 2722 de
1120 2660 1184 2722 suis
1207 2659 1357 2722 hereticis
1379 2657 1536 2744 patribus.
1566 2686 1569 2692 ·

480 2791 511 2839 73
654 2774 735 2840 Cum
758 2775 855 2858 igitur
878 2773 1104 2838 accederemus
1125 2774 1166 2838 ad
1189 2797 1243 2838 ces
1266 2775 1299 2837 in
1319 2772 1508 2854 Baldecum,
1528 2772 1584 2837 vbi
1604 2787 1652 2837 est
1675 2773 1768 2837 sedes
1791 2796 1910 2853 eorum,
1931 2787 2124 2860 receperunt
2139 2798 2197 2840 uos

529 2903 696 2977 gratanter
720 2891 825 2975 prima
847 2890 944 2966 l'acic3
973 2890 1030 2953 sed
1054 2890 1180 2964 audito,
1211 2889 1297 2974 quod
1318 2887 1556 2975 predieauimus
1580 2890 1737 2972 virginem
1761 2888 1823 2952 Dei
1848 2890 2036 2974 genitricem
2059 2903 2090 2954 66
2112 2888 2197 2954 dice·

530 3008 656 3084 bamus,
676 3004 760 3090 quod
784 3004 878 3067 beata
899 3003 1005 3069 Maria
1025 3008 1150 3090 peperit
1170 3005 1277 3069 Deum
1300 3017 1331 3068 et
1352 3004 1532 3084 homiuem,
1555 3008 1663 3068 statim
1685 3003 1816 3089 publiea
1839 3027 1948 3068 eorum
1971 3005 2198 3091 predicacione

530 3121 794 3186 contradixerant
823 3120 883 3184 hoc
909 3135 940 3185 et
967 3144 1025 3185 nos
1049 3122 1088 3184 de
1110 3144 1219 3185 cortun
1244 3121 1380 3184 ccclesia
1401 3122 1537 3205 turpiter
1560 3122 1736 3201 eiecerunt,
1765 3131 1796 3182 et
1823 3122 1928 3206 ipsam
1951 3119 2137 3203 eeclesiam,
2166 3122 2199 3184 in

530 3260 593 3324 qua
619 3235 903 3322 predieaueramus
932 3247 1044 3300 eontra
1066 3236 1264 3314 Nestorium,
1294 3235 1485 3301 leuauerunt
1515 3258 1585 3298 eum
1613 3257 1699 3319 aqua
1723 3257 1873 3316 rosacea,
1904 3248 1935 3298 ct
1955 3234 2199 3300 celebrauerunt

529 3352 726 3438 solempnem
749 3353 890 3433 missam,
911 3364 947 3416 vt
968 3375 1039 3416 eum
1063 3350 1239 3438 placarent.

481 3469 512 3521 ⁷4
653 3468 735 3535 Cum
762 3490 839 3532 6666
868 3490 927 3531 666
956 3470 1003 3531 616
1030 3469 1197 3531 6166166666
1227 3478 1259 3531 66
1288 3468 1620 3531 excommunicassent
1652 3465 1692 3530 de
1730 3464 1877 3530 omuibus
1907 3465 2052 3531 ecelesiis
2079 3487 2198 3543 eorum,

530 3608 588 3648 nee
609 3583 743 3648 verbum
769 3584 832 3647 Dei
854 3606 874 3646 a
895 3582 988 3647 nobis
1012 3585 1206 3669 reciperent,
1241 3595 1271 3646 et
1300 3606 1358 3646 uos
1380 3586 1642 3668 conquireremus
1666 3582 1752 3668 apud
1775 3606 1884 3647 eorum
1907 3583 2197 3669 archiepiscopum,

529 3699 615 3785 quod
644 3722 755 3763 seruos
780 3699 855 3780 Dei,
886 3701 973 3762 viros
1005 3698 1198 3761 christianos
1222 3712 1253 3761 et
1275 3698 1442 3783 religiosos
1465 3697 1701 3783 predicatores,
1729 3698 1782 3783 qui
1805 3696 1844 3761 de
1867 3703 1998 3782 regione
2020 3698 2198 3786 longinqua

530 3817 692 3879 ineramus
712 3814 754 3877 ad
776 3837 830 3879 eos
850 3837 951 3878 eausa
974 3812 1087 3877 salutis
1107 3835 1227 3895 eorum,
1259 3814 1305 3876 sie
1326 3813 1534 3893 afflixissent,
1563 3814 1643 3899 ipsi,
1672 3814 1750 3876 moti
1773 3812 1912 3896 quadam
1933 3815 2054 3897 pietate
2076 3816 2197 3900 iniqua,

530 3929 714 3995 obtulerunt
736 3929 829 3993 nobis
852 3929 969 3995 bonum
990 3930 1095 3994 locum
1120 3940 1151 3993 et
1171 3929 1339 3993 eeclesiam
1362 3941 1393 3992 et
1414 3929 1598 3991 necessaria
1619 3928 1701 4008 alia,
1723 3928 1785 3991 hoc
1804 3938 1901 4013 paeto
1924 3928 2042 4008 solum,
2069 3929 2156 4016 quod
2178 3952 2198 3994 a

479 4059 511 4108 75
530 4045 756 4133 predicacione
786 4068 995 4110 cessaremus.
1037 4046 1103 4110 Nos
1128 4057 1235 4108 autem
1254 4044 1396 4108 totaliter
1424 4056 1610 4108 recusantes
1635 4054 1764 4129 pactum
1790 4044 1897 4106 lacere
1925 4066 1996 4107 eum
2018 4045 2143 4109 1616666
2166 4055 2196 4109 et

529 4172 642 4242 morte,
666 4160 827 4244 diximus,
850 4161 936 4247 quod
958 4184 1017 4225 nos
1038 4162 1201 4225 iucramus
1223 4159 1265 4224 ad
1286 4184 1339 4225 cos
1362 4183 1424 4224 666
1448 4171 1482 4223 66
1503 4159 1544 4223 ab
1566 4163 1612 4223 eis
1636 4160 1851 4245 reciperemus
1874 4159 2002 4244 palacia
2024 4159 2076 4223 vel
2099 4159 2197 4224 eccle·
2243 4191 2248 4201 ·

480 4293 512 4343 76
530 4279 611 4358 sias,
635 4276 692 4340 sed
715 4292 749 4340 vt
769 4279 871 4361 gratis
889 4280 935 4341 eis
957 4276 1198 4364 predicaremus
1220 4276 1353 4339 verbum
1377 4276 1448 4339 Dei.
1492 4276 1671 4340 Contestuti
1692 4286 1798 4338 autom
1822 4274 1950 4360 publice
1971 4276 2089 4339 fuimus
2114 4278 2198 4341 iuter

529 4415 600 4472 eos,
632 4391 718 4477 quod
747 4395 857 4477 pocius
885 4392 1082 4478 eligebamus
1110 4415 1271 4478 pauperes
1299 4392 1446 4455 habitare
1475 4393 1507 4455 in
1530 4392 1687 4455 communi
1713 4389 2198 4456 6116666166(16666661116666

530 4507 700 4594 predicare
722 4508 797 4571 fidei
819 4511 987 4572 veritatem
1009 4529 1120 4571 amore
1139 4507 1237 4570 lhesu
1254 4506 1385 4587 Christi,
1409 4513 1463 4592 qui
1487 4530 1544 4592 666
1568 4505 1660 4571 uobis
1681 4518 1776 4569 nutus
1799 4518 1847 4569 est
1866 4507 1899 4568 iu
1922 4506 2102 4570 ‹liuersorio
2120 4529 2196 4593 pau·

531 4646 605 4709 666,
633 4644 728 4707 quam
757 4645 954 4709 quecumque
976 4623 1104 4710 palacia
1125 4621 1175 4686 661
1199 4623 1391 4708 temporalia
1412 4624 1556 4709 recipere
1579 4622 1688 4686 abeis
1717 4636 1747 4685 et
1769 4644 1788 4684 a
1811 4620 2036 4706 predicacione
2060 4644 2197 4687 cessare.

481 4751 512 4800 77
530 4739 609 4803 Post
630 4738 689 4801 hee
710 4738 840 4800 veniens
864 4739 1050 4824 patriarcha
1073 4762 1199 4819 corum,
1231 4740 1284 4824 qui
1308 4737 1450 4801 distabat
1473 4738 1660 4824 perdecem
1686 4738 1789 4800 dietus
1812 4735 2020 4821 etamplius,
2053 4737 2129 4802 (lum
2151 4760 2197 4803 se·

530 4854 620 4917 deret
642 4854 711 4939 1666
734 4854 919 4938 patriarcha
940 4857 973 4918 16
994 4859 1214 4916 ioserchiorcha
1229 4856 1294 4932 ¹³⁸),
1316 4855 1348 4915 in
1371 4877 1427 4916 suu
1451 4854 1526 4916 sede
1551 4853 1717 4933 deaurata,
1741 4867 1770 4916 ct
1794 4852 1835 4915 ad
1853 4851 1951 4937 perles
1966 4854 2034 4916 eius
2050 4855 2195 4943 episcopi

530 4979 561 5033 et
583 4968 820 5054 archiepiscopi
843 4982 874 5033 et
896 4969 1048 5055 religiosi,
1071 4992 1128 5033 nos
1150 4978 1256 5033 utitem
1279 4970 1396 5032 artuati
1420 4971 1532 5055 gracia
1546 4968 1609 5032 llei
1632 4972 1677 5033 ita
1698 4968 1900 5033 eoul'udimus
1924 4991 2044 5049 omues,
2066 4983 2102 5034 vt
2128 4973 2197 5057 ipse

532 5084 718 5170 patriarcha
744 5108 853 5149 eoram
882 5085 1029 5149 omnibus
1060 5086 1261 5161 mentiretur,
1291 5098 1320 5147 et
1353 5088 1487 5169 negauit
1517 5107 1550 5147 se
1573 5108 1643 5147 esse
1665 5084 1887 5164 Nestorinum,
1916 5107 1976 5148 nec
2002 5087 2195 5151 imitatorem

481 5176 513 5295 {3
530 5200 679 5263 Nestorii.
722 5201 765 5264 Et
788 5204 872 5263 versi
896 5214 968 5264 sunt
991 5222 1100 5263 ornnes
1123 5202 1155 5263 in
1177 5210 1342 5285 stuporem
1365 5199 1404 5263 (16
1427 5202 1646 5264 taciturnitate
1668 5223 1776 5263 eorum
1799 5214 1830 5264 et
1851 5199 1993 5265 silencio.
2037 5201 2117 5266 Post
2138 5202 2196 5267 hec

595 5406 665 5475 177)
683 5400 785 5460 (lodex
806 5401 894 5461 habet
916 5403 1032 5474 inseiis,
1061 5402 1139 5481 quod
1158 5403 1341 5472 mutavimus,
1383 5402 1422 5461 el'.
1445 5403 1656 5481 Hieronymum
1686 5401 1725 5460 ad
1749 5402 1903 5461 Paulinum
1934 5403 2020 5481 epist.
2041 5404 2071 5462 in
2093 5403 2196 5464 Hiere-

529 5501 658 5560 Rittarus
684 5501 761 5559 enim
790 5520 889 5577 geogr.
915 5500 955 5561 X.
979 5504 1037 5560 att
1066 5500 1262 5559 Patriaroham
1291 5502 1340 5557 Io·
1384 5504 1463 5579 uymi
1486 5502 1638 5581 operibus,
1665 5499 1748 5559 editis
1775 5500 1856 5559 Paris
1884 5506 1959 5562 1706
1982 5501 2021 5561 Τ.
2043 5501 2088 5561 lV
2109 5502 2142 5563 P.
2164 5502 2194 5561 11

530 5602 597 5659 colit
623 5620 645 5658 s.
676 5598 825 5669 latores,
857 5599 935 5676 quod
963 5600 1000 5657 sit
1028 5592 1250 5668 καθολικὸς.
1283 5596 1342 5656 (7161
1384 5621 1411 5678 p.
1437 5606 1493 5661 568
1516 5612 1546 5659 66
1564 5599 1731 5657 Philostrati
1759 5601 1847 5658 vitam
1871 5599 2021 5678 Apollonii
2044 5600 2142 5679 Tyan.
2165 5602 2193 5660 16

528 5698 624 5757 tradit.
1384 5698 1477 5756 Flavii
1494 5698 1660 5756 Philostrati
1681 5718 1757 5777 quae
1778 5710 1934 5777 supersunt
1948 5698 1995 5757 ed.
2014 5696 2193 5778 (1161166-

595 5801 661 5867 178)
685 5797 730 5855 lle
752 5799 882 5865 lorche,
907 5797 936 5853 16
964 5796 1068 5854 throno
1097 5817 1185 5855 aureo
1211 5796 1341 5866 sedente,
1383 5816 1428 5854 scr
1451 5818 1477 5874 p.
1502 5803 1537 5856 ts
1561 5818 1585 5855 v.
1611 5802 1658 5865 30,
1685 5798 1760 5856 vitae
1783 5798 1933 5875 Apollonii
1957 5796 2069 5857 va1.

530 5896 844 5974 (iyrnuesopbisturum
885 5894 987 5953 ludiac
1030 5894 1169 5953 l'ontitiee
1211 5895 1338 5952 llaximo
