5334 6975
1283 693 1343 754 149

480 869 641 945 Selem39),
663 890 703 931 ex
727 868 843 955 quibus
866 868 993 933 duobus
1017 871 1219 956 componitur
1241 875 1414 934 Ierusalem.
1456 871 1586 934 Dicitur
1607 871 1709 934 eciam
1731 870 1894 945 solimam)
1923 878 1954 930 et
1975 873 2182 929 lerosolimas

478 993 510 1048 et
530 985 667 1060 aaran)
691 995 722 1048 θῖ
745 990 854 1047 Bethei.
895 984 948 1048 Ad
967 985 1130 1066 vltimum,
1162 984 1250 1048 dicta
1274 995 1323 1048 est
1344 987 1474 1065 Elyall)
1501 985 1543 1049 ab
1566 984 1673 1071 Helyo
1697 984 1926 1065 Questore⁴³),
1954 984 2181 1069 imperatore?

477 1098 634 1180 Romano,
657 1102 712 1186 qui
734 1122 816 1180 earn,
838 1098 894 1163 vbi
916 1098 1011 1163 modo
1034 1110 1091 1179 est,
1114 1114 1188 1185 post
1210 1100 1458 1165 destructionem
1481 1123 1501 1164 a
1523 1101 1608 1186 Tyte
1628 1110 1660 1164 et
1681 1100 1884 1185 Vespasiano
1906 1100 2025 1162 factam
2047 1098 2148 1162 reedi-

477 1214 595 1278 fieauit.
637 1214 747 1279 Habet
769 1225 877 1278 autem
899 1226 1039 1279 montem
1057 1219 1138 1294 Syos
1160 1239 1180 1279 a
1199 1216 1334 1280 meridie
1357 1218 1443 1280 infra
1463 1218 1638 1296 ciuitatem,
1659 1217 1693 1279 in
1714 1237 1775 1299 quo
1790 1213 1901 1277 Dauid
1923 1215 1957 1276 in
1971 1237 2046 1278 aree
2061 1215 2184 1301 Syene

478 1329 622 1416 expulsis
643 1330 791 1394 Iebuzeis
813 1329 982 1409 habitauit,
1005 1345 1036 1394 et
1058 1353 1130 1394 eam
1153 1333 1315 1396 ciuitatem
1331 1331 1472 1397 Dauidis
1496 1333 1634 1396 vocauit.
1676 1337 1805 1392 Mentem
1827 1352 1903 1394 vero
1924 1333 2033 1392 Otiueti
2052 1329 2183 1393 habete

480 1445 521 1510 ab
543 1447 665 1510 oriente
689 1455 783 1509 extra
806 1446 977 1509 ciuitatem.

604 1577 683 1664 Cap.
707 1577 781 1641 XV.
824 1583 914 1639 illone
937 1587 1044 1640 autem
1061 1580 1263 1656 caluariae),
1283 1579 1316 1642 in
1340 1602 1402 1665 quo
1424 1578 1598 1643 crucifixus
1615 1590 1684 1642 erat
1698 1578 1869 1658 Dominus,
1893 1576 1947 1640 vbi
1965 1580 2095 1663 sanguis
2109 1582 2149 1656 ⁴⁵)
2170 1591 2179 1639 t

480 1691 520 1756 de
541 1692 642 1757 latere
664 1695 731 1757 eins
753 1693 856 1758 fluens
878 1695 912 1756 in
933 1691 1075 1778 lapidem
1098 1692 1157 1757 sub
1180 1705 1298 1775 monte,
1321 1697 1355 1759 in
1377 1708 1471 1781 parte
1492 1694 1557 1776 illa,
1581 1717 1642 1780 que
1661 1697 1790 1773 Golpctn
1813 1692 1942 1773 dieitur,
1963 1692 2020 1757 vbi
2043 1697 2149 1759 inuen-

478 1818 550 1880 tum,
571 1821 619 1871 est
641 1823 738 1895 caput
759 1808 893 1889 Adest),
916 1819 947 1871 et
969 1807 1131 1894 sepulchri
1152 1807 1286 1873 Domini
1307 1809 1407 1893 loeus,
1430 1808 1477 1873 illi
1499 1809 1570 1874 loce
1594 1809 1654 1874 sub
1677 1818 1784 1873 monte
1799 1807 1950 1873 Caluarie
1972 1811 2149 1894 proximus,

480 1945 581 2010 vsquc
609 1923 651 1987 ad
676 1934 822 2010 tempera
852 1923 988 2009 predicti
1010 1923 1098 1987 Helii
1127 1925 1333 2010 imperatoris
1362 1937 1454 1990 erant
1484 1939 1579 1989 extra
1600 1925 1732 2005 vrbem,
1764 1922 1821 1986 sed
1845 1923 1940 1986 modo
1963 1941 2035 1987 sunt
2056 1927 2149 2000 intra,

481 2041 556 2123 quia
576 2041 646 2124 ipse
668 2042 846 2124 imperator
867 2062 938 2103 eam
959 2039 1149 2102 reedificatus
1172 2038 1253 2103 adeo
1276 2042 1455 2127 ampliauit,
1478 2041 1615 2125 quodli)
1630 2040 1777 2124 predicta
1797 2039 1868 2102 loca
1885 2040 1971 2102 intra
1988 2062 2151 2104 murorrun

480 2153 619 2218 ambitus
642 2154 781 2234 inclusit,
805 2154 919 2219 ductus
941 2178 1099 2241 aquarum
1120 2166 1324 2235 construens,
1356 2156 1472 2242 quibus
1493 2170 1637 2241 tempore
1663 2154 1794 2239 pluuiali
1818 2178 1837 2217 a
1859 2154 2010 2217 sordibus
2031 2178 2151 2240 purga-

480 2281 575 2333 retur.
620 2271 656 2334 In
679 2271 748 2335 leco
770 2270 935 2334 Dominici
957 2269 1126 2355 Sepulchri
1148 2285 1260 2356 postea
1277 2271 1455 2335 Christiani
1470 2271 1595 2335 decenti
1617 2272 1808 2345 scematell)
1831 2281 1862 2332 et
1876 2271 1980 2333 ferina
2000 2272 2148 2350 rotunda,
2169 2291 2185 2340 2

479 2408 543 2449 vno
565 2399 672 2451 tamen
695 2388 852 2450 foramine
864 2389 904 2463 41)
928 2388 1075 2471 superius
1098 2397 1221 2472 aperto,
1243 2386 1412 2451 eeclesiam
1425 2387 1598 2451 Dominice
1616 2386 1872 2449 Resurrectienis
1888 2385 2061 2469 gloriosam
2077 2410 2150 2451 con·

481 2513 677 2585 struxerunt,
700 2525 761 2590 que
782 2505 865 2567 inter
886 2502 967 2566 alias
990 2501 1143 2566 eeclesias
1166 2503 1279 2565 merite
1300 2511 1388 2566 tenet
1409 2504 1635 2587 principatum.
1677 2501 1714 2564 ln
1735 2523 1799 2586 qua
1822 2501 1999 2587 dyaconus,
2022 2503 2183 2588 quand03

481 2617 513 2679 in
543 2618 769 2703 ewangelie⁵⁰)
801 2618 880 2703 legit
907 2618 1002 2683 illud:
1034 2622 1209 2696 ‚,Surreaeit,
1239 2641 1297 2678 nou
1327 2631 1369 2679 est
1392 2623 1480 2679 hic!“
1511 2618 1611 2702 digito
1642 2639 1698 2680 suo
1722 2616 1921 2681 demonstrat
1943 2617 2150 2682 Dominieum

482 2731 680 2818 Sepulcrum.

604 2865 684 2951 Cap.
707 2867 796 2931 XVI.
837 2866 943 2952 Prope
964 2877 1102 2930 montem
1124 2865 1274 2930 Culuarie
1295 2877 1344 2929 est
1368 2865 1475 2946 locus,
1509 2865 1564 2928 vbi
1589 2863 1684 2927 beata
1706 2866 1799 2949 virgo
1823 2886 1895 2927 cum
1917 2864 1990 2928 aliis
2011 2864 2181 2929 mulieri-l

484 2978 543 3042 bus
565 2980 740 3066 plangebat
761 2982 937 3046 Dominum
959 2983 991 3045 in
1015 3002 1109 3044 cruce
1131 2980 1333 3066 pendentem.
1378 2981 1427 3044 lbi
1450 2982 1541 3044 iuxta
1563 2992 1612 3044 est
1633 2979 1732 3062 loeus,
1753 2980 1808 3044 vbi
1830 2980 1948 3064 loseph
1971 2980 2013 3044 ab
2035 2981 2149 3044 Arma·
2168 2992 2184 3041 2

481 3093 548 3158 thia
571 3108 603 3159 et
617 3097 822 3182 Nycodemus
845 3120 962 3183 corpus
978 3096 1099 3162 Christi
1120 3095 1159 3159 de
1183 3118 1276 3160 cruce
1299 3095 1481 3182 depositum
1503 3097 1659 3160 lauerunt.
1691 3097 1729 3160 In
1751 3095 1857 3159 medio
1878 3095 1968 3159 chori
1983 3109 2032 3160 θεῖ
2049 3096 2151 3179 locus,
2169 3109 2184 3158 3

483 3213 537 3296 qui
560 3210 677 3275 dieitur
700 3213 838 3277 medium
861 3212 981 3276 mundi.
1025 3212 1088 3274 Vbi
1112 3211 1260 3277 Christus
1283 3211 1420 3297 digitum
1441 3234 1534 3275 suum
1556 3213 1717 3297 inposuit,
1740 3208 1864 3274 dicens:
1886 3216 1947 3272 Hic
1967 3228 2008 3273 eat
2030 3219 2185 3274 niediumt

483 3331 590 3388 raaudi.
633 3328 740 3413 Prope
765 3350 859 3414 quem
882 3343 929 3391 est
951 3328 1050 3407 loeus,
1073 3326 1129 3391 vbi
1151 3326 1316 3408 Christus,
1345 3350 1417 3391 cum
1439 3328 1634 3391 surrexisset
1654 3350 1674 3389 a
1696 3328 1847 3408 mortuis,
1873 3329 2025 3412 apparuit
2046 3330 2185 3413 primes

1437 3448 1442 3457 ι

1443 3460 1446 3474 t

480 3440 584 3506 Mario
605 3442 813 3530 Magdalene,
845 3444 1008 3508 estimanti
1028 3466 1099 3507 eum
1122 3466 1193 3507 esse
1213 3441 1458 3517 ortulanumib.
1501 3442 1565 3506 Vbi
1599 3452 1648 3506 θεῖ
1669 3442 1771 3506 altare
1791 3445 1910 3507 fuctum
1933 3443 1975 3507 ob
1997 3443 2185 3510 honoremt

479 3557 568 3622 illius
591 3563 820 3646 apparieionis,
844 3571 875 3624 et
897 3574 945 3623 θεῖ
967 3572 1040 3623 ante
1063 3559 1175 3623 cellam
1199 3558 1371 3646 sepulchri.

607 3692 689 3778 Cap.
712 3694 816 3757 XVII.
857 3692 985 3756 Deinde
1006 3694 1071 3756 itur
1092 3692 1135 3756 ad
1157 3692 1271 3774 lecum,
1293 3691 1350 3756 vbi
1373 3705 1421 3755 est
1443 3692 1624 3777 columpna,
1646 3691 1688 3754 ad
1711 3713 1807 3777 quam
1824 3692 1937 3756 Ihesus
1959 3692 2019 3755 fuit
2032 3691 2150 3778 ligatus
2171 3705 2181 3752 1

482 3818 512 3870 et
548 3807 737 3893 flagellatus.
786 3808 829 3872 Et
857 3818 905 3871 est
932 3807 991 3872 sub
1021 3808 1160 3894 quodam
1189 3808 1293 3871 altari.
1344 3807 1472 3872 Deinde
1502 3809 1566 3871 itur
1595 3806 1637 3871 ad
1665 3817 1808 3892 portam,
1843 3830 1902 3892 per
1928 3829 2023 3893 quarn
2045 3808 2183 3872 Marici

481 3922 725 4008 Egypciaeaen
755 3946 820 3987 non
847 3934 975 4009 poterat
1001 3924 1146 4008 ingredi,
1176 3927 1291 3988 ceteris
1315 3924 1511 3990 Christianis
1540 3921 1790 4003 introeuntibus,
1823 3922 1925 3987 donec
1946 3925 2095 4007 promisit
2117 3944 2151 3986 se

484 4052 627 4103 acturam
644 4041 868 4124 penitenciam.
904 4038 968 4103 Vbi
984 4038 1109 4102 audiuit
1123 4061 1233 4103 vocem
1250 4039 1409 4103 dicentem
1432 4039 1508 4102 sibi:
1532 4043 1584 4113 „Si
1605 4044 1764 4099 Iordanem
1780 4043 1946 4113 transieris,
1963 4044 2051 4099 salisa
2066 4043 2151 4100 ernf‘
2170 4052 2185 4100 3

544 4262 593 4331 39)
615 4260 631 4317 i.
656 4280 680 4318 e.
704 4278 771 4336 pax,
790 4257 871 4316 hebr.
893 4257 954 4333 ”lii-
1340 4258 1389 4321 sti,
1419 4257 1470 4315 der
1495 4257 1541 4314 tiir
1569 4276 1624 4313 vns
1647 4255 1719 4325 alle,
1744 4255 1822 4314 nahe
1850 4254 1897 4311 fiir
1916 4258 2076 4327 Jersulem,
2105 4259 2152 4316 die

543 4362 593 4430 40)
616 4359 625 4414 1
657 4377 680 4416 θ.
706 4356 811 4415 Salem.
1339 4375 1394 4412 vor
1422 4357 1515 4412 alters
1545 4357 1620 4413 arach
1651 4356 1734 4411 Liiza
1759 4357 1828 4411 oder
1858 4356 1957 4412 Ltizen
1987 4354 2150 4430 geheissen‚

542 4460 592 4527 41)
617 4455 741 4515 Constat
761 4458 835 4514 inter
857 4474 968 4527 omnes,
988 4455 1107 4523 Larum,
1129 4476 1204 4533 quae
1220 4477 1296 4514 nunc
1338 4454 1495 4530 gestorben
1516 4455 1561 4525 ist,
1582 4453 1684 4510 allhier
1704 4451 1763 4530 bey
1783 4452 1898 4511 Liitzen
1919 4454 2084 4530 gestorben.

480 4567 525 4616 θεῖ
546 4556 660 4625 Redin,
695 4565 798 4633 postea
819 4556 923 4612 Bethel
950 4551 1057 4610 dictam
1085 4572 1163 4623 esse,
1191 4554 1295 4613 Hiero·
1401 4557 1451 4617 421
1473 4553 1552 4632 Elya
1578 4562 1623 4610 est
1645 4552 1732 4610 Aelia
1759 4550 1940 4629 Capitolina,
1969 4573 2056 4632 quarn
2085 4575 2152 4613 con·

479 4657 623 4735 solymam
653 4664 764 4721 autern,
802 4674 877 4732 (puae
914 4665 942 4710 et
978 4653 1042 4731 ipsa
1063 4673 1114 4709 suo
1143 4653 1204 4710 iure
1234 4655 1294 4710 Do·
1339 4650 1412 4709 didit
1434 4651 1471 4710 Τ.
1493 4651 1596 4708 Aelius
1615 4648 1784 4708 Hadrianus
1805 4651 1880 4728 Imp.

479 4775 552 4812 suurn
578 4754 634 4811 Dei
660 4762 689 4810 et
711 4752 788 4810 dicta
821 4763 849 4810 et
870 4749 995 4809 dicenda
1016 4761 1074 4819 est,
1107 4753 1193 4809 etiam
1216 4771 1293 4810 anno
1400 4754 1450 4822 43)
1470 4750 1549 4823 Quid
1571 4749 1627 4808 hoc
1650 4749 1704 4808 sihi
1727 4749 1806 4820 velit,
1828 4751 1936 4810 nescio.

480 4875 507 4932 p.
532 4851 599 4911 Chr.
630 4874 657 4910 n.
685 4857 760 4913 1633
793 4873 858 4910 cum
885 4851 936 4908 illa
965 4850 1051 4907 Luna
1079 4850 1293 4919 (Hebraeorum
1399 4847 1536 4922 44))1111.
1562 4851 1594 4908 Τ,
1622 4849 1726 4907 Tehlcr
1749 4845 1898 4923 Golgetha
1923 4854 2009 4910 1851.
2043 4848 2151 4908 Robin-

479 4953 552 5023 Lusl
575 4950 713 5009 confundi
735 4948 820 5008 docet
842 4949 957 5009 libellus
980 4950 1146 5027 inscriptus:
1173 4949 1292 5008 Danek·
1335 4969 1389 5006 sou
1412 4948 1529 5006 Neuere
1550 4948 1670 5008 Forsch.
1692 4970 1718 5027 p.
1742 4953 1913 5008 322-344.

479 5050 532 5109 bar
552 5047 822 5108 JahrGedhchtnis
843 5048 904 5105 vnd
932 5047 1097 5105 christliche
1120 5047 1292 5107 Leich-Pre-
1399 5049 1448 5118 45)
1471 5045 1713 5125 Supplendumne
1736 5048 1800 5104 est!

480 5148 556 5225 digt,
592 5147 649 5205 den
678 5155 705 5206 e.
733 5147 810 5204 Nov.
841 5151 916 5206 1633
946 5167 982 5203 zu
1011 5146 1124 5203 Liitzen
1152 5146 1209 5224 bey
1242 5146 1293 5205 der
1399 5152 1449 5213 46)
1474 5145 1508 5204 V.
1532 5145 1644 5204 'I'oblcr
1666 5144 1815 5222 Golgotha
1835 5166 1865 5223 p.
1884 5148 1952 5204 254.

480 5247 641 5305 Wahlstatt
661 5246 732 5304 vber
752 5243 876 5303 Gustuvi
897 5244 1027 5324 Adelphi
1049 5244 1208 5303 todtlichen
1231 5246 1291 5303 Ah·
1400 5246 1450 5314 47)
1473 5246 1550 5320 quod
1570 5276 1610 5284 —-
1631 5244 1757 5319 inclusit]
1781 5254 1812 5302 ut
1834 5277 1874 5285 -
1895 5242 2063 5303 includeret.

479 5366 559 5423 gang
580 5344 718 5420 gehalten
739 5345 944 5421 vonuPnullus
968 5345 1191 5403 Steclcmennen.
1237 5344 1295 5403 Ubi
1399 5347 1449 5413 48)
1470 5341 1601 5416 ecchiete]
1624 5341 1781 5401 schemate.

481 5466 509 5523 p.
532 5448 570 5504 ‘26
593 5443 711 5518 legitur:
739 5444 781 5501 Ist
807 5442 920 5500 darauff
946 5440 1106 5514 (Gustavus
1128 5441 1294 5521 Adelphus)
1401 5447 1452 5513 49)
1476 5439 1542 5500 Vid.
1565 5439 1659 5497 Ritter
1679 5439 1765 5498 XVI.
1788 5445 1857 5500 438.

482 5544 510 5600 in
531 5541 584 5600 der
606 5542 718 5600 andern
742 5540 854 5598 stende
884 5540 981 5600 dieses
1004 5541 1135 5616 blutigcn
1158 5541 1294 5600 'Preffcns
1401 5546 1450 5611 511)
1474 5539 1565 5595 Marci
1586 5538 1672 5596 XVI.
1695 5544 1721 5608 6,
1744 5537 1846 5598 Matth.
1868 5539 2019 5597 XXVIII.
2042 5547 2068 5599 6.

480 5643 523 5699 als
552 5643 598 5700 ein
621 5640 700 5699 Hcld
730 5641 831 5697 mitten
864 5652 948 5698 unter
976 5639 1033 5697 den
1060 5639 1209 5710 l'einden,
1236 5661 1294 5699 von
1397 5646 1447 5712 51)
1470 5637 1664 5698 hortulanum.

479 5741 603 5799 etlichcn
626 5740 776 5800 Geschosn
799 5748 937 5796 vorwarts
959 5738 1117 5813 genehen,
1138 5738 1293 5814 gesterben
1399 5740 1449 5810 52)
1472 5736 1508 5796 V.
1537 5735 1650 5795 Tobler
1680 5734 1881 5816 Siloahquelle
1907 5758 1935 5813 p.
1969 5740 2023 5794 182
2054 5755 2076 5794 ε.
2103 5738 2152 5813 qui

479 5839 522 5897 als
543 5842 589 5896 ein
611 5840 724 5897 rechter
744 5839 897 5909 illitrterer,
927 5836 1034 5894 steiffer
1057 5835 1212 5895 Bekenner
1233 5836 1293 5895 vnd
1336 5837 1407 5894 citat
1431 5834 1541 5893 Rollcri
1571 5836 1645 5892 vitas
1668 5845 1783 5914 patrum
1809 5854 1845 5893 ex
1872 5833 1998 5892 editione
2018 5833 2056 5892 ll.
2079 5833 2151 5892 Ros-

479 5937 654 5996 Vermehrer
675 5937 726 5994 des
748 5937 855 5995 Reichs
872 5934 975 5993 Scines
997 5934 1094 5992 Herm
1114 5934 1190 5993 Jesu
1212 5934 1293 5994 Chri·
1337 5933 1431 5994 weidii
1454 5955 1481 6012 p.
1506 5938 1564 5992 419
1586 5954 1608 5993 s.
